=LDR  00343nx  a22001453  45  
=001  FRBNF114472535
=003  http://catalogue.bnf.fr/ark:/12148/cb11447253n
=100  \\$a19970701cfrey50      ba0
=101  \\$aund
=102  \\$aXX
=105  \\$aa
=106  \\$a1  
=152  \\$c2
=200  \|$7ba0yba0y$8fre   $9   $aFaivre$bTony
=801  \\$aFR$bFR-751131015$c19970701

