=LDR  01142cx  d2200277   45  
=001  FRBNF138766730
=003  http://catalogue.bnf.fr/ark:/12148/cb13876673q
=005  20210628
=039  \\$oOPP$a14272798$d20090306
=039  \\$oOPP$a13853956$d20090306
=100  \\$a19890601afrey50      ba0
=102  \\$aUS
=103  \\$a 19640214           
=106  \\$a1  
=126  \\$a2
=152  \\$c2
=216  \\$7ba0yba0y$8fre   $9   $aNonesuch
=300  0\$aMarque phonographique créée par Jac Holzman
=300  0\$aÉdité par Nonesuch records, 1290 Ave of the Americas, New York, NY 10104, USA
=300  0\$aDistribuée en France par Warner music France (en 1968 )
=500  \\$5h$0Créée par :$316570436$7ba0yba0y$8fre   $9 0 $aHolzman$bJac$f1931-....
=510  ||$5z$0Est édité par : $313956223$7ba0yba0y$8fre   $920 $aWarner Bros Records Inc
=516  \\$5z$0Voir aussi : 1987-1995$313875245$7ba0yba0y$8fre   $9   $aElektra-Nonesuch
=801  \\$aFR$bFR-751131015$c20210628
=810  \\$aRate your music - https://rateyourmusic.com/label/nonesuch_records (2020-12-31)
=856  \\$uhttps://rateyourmusic.com/label/nonesuch_records/$e2020-12-31

