=LDR  08435cx  l2201417   45  
=001  FRBNF119810108
=003  http://catalogue.bnf.fr/ark:/12148/cb119810102
=005  20181004
=039  \\$oOPL$a002189507
=100  \\$a19850707afrey50      ba0
=106  \\$a211
=152  \\$brameau$c2
=180  \\$ab
=280  \0$7ba0yba0y$8fre   $9   $aOrchestre, Musique d'
=305  1\$aVoir aussi les vedettes de musique comprenant le mot orchestre
=330  \\$aSous cette vedette, on trouve les compositions (qui n'ont pas de forme ou de genre particulier) pour orchestre et les recueils de compositions de formes et de genres différents pour orchestre
=480  \0$7ba0yba0y$8fre   $9   $aMusique d'orchestre
=480  \0$7ba0yba0y$8fre   $9   $aMusique orchestrale
=480  \0$7ba0yba0y$8fre   $9   $aMusique pour orchestre
=550  \\$5z$0Voir aussi$312288669$7ba0yba0y$8fre   $9   $aOrchestres
=580  \0$5z$0Voir aussi$312240522$7ba0yba0y$8fre   $9   $aConcertos
=580  \0$5z$0Voir aussi$312240525$7ba0yba0y$8fre   $9   $aConcertos$xorchestre
=580  \0$5z$0Voir aussi$312475109$7ba0yba0y$8fre   $9   $aÉtudes d'orchestre
=580  \0$5z$0Voir aussi$316245860$7ba0yba0y$8fre   $9   $aMusique électroacoustique mixte$xorchestre
=580  \0$5h$317065485$7ba0yba0y$8fre   $9   $aArak, Musique d'
=580  \0$5h$317065487$7ba0yba0y$8fre   $9   $aAyarichi, Musique d'
=580  \0$5h$316728052$7ba0yba0y$8fre   $9   $aBagad, Musique de
=580  \0$5h$316600149$7ba0yba0y$8fre   $9   $aBallades (orchestre)
=580  \0$5h$315602983$7ba0yba0y$8fre   $9   $aBarcarolles (orchestre)
=580  \0$5h$316519636$7ba0yba0y$8fre   $9   $aBatterie-fanfare, Musique de
=580  \0$5h$315653500$7ba0yba0y$8fre   $9   $aBerceuses (orchestre)
=580  \0$5h$315010452$7ba0yba0y$8fre   $9   $aBoléros (orchestre)
=580  \0$5h$315010444$7ba0yba0y$8fre   $9   $aBourrées (orchestre)
=580  \0$5h$315511417$7ba0yba0y$8fre   $9   $aCanons (orchestre)
=580  \0$5h$314620367$7ba0yba0y$8fre   $9   $aCaprices (orchestre)
=580  \0$5h$314620665$7ba0yba0y$8fre   $9   $aChaconnes (orchestre)
=580  \0$5h$316745804$7ba0yba0y$8fre   $9   $aCharanga, Musique de
=580  \0$5h$317065480$7ba0yba0y$8fre   $9   $aChôro, Musique de
=580  \0$5h$317065096$7ba0yba0y$8fre   $9   $aCoblas, Musique de
=580  \0$5h$314627440$7ba0yba0y$8fre   $9   $aContredanses (orchestre)
=580  \0$5h$317065556$7ba0yba0y$8fre   $9   $aDegung, Musique de
=580  \0$5h$317065477$7ba0yba0y$8fre   $9   $aDjalghi, Musique de
=580  \0$5h$314621701$7ba0yba0y$8fre   $9   $aÉtudes (orchestre)
=580  \0$5h$313576612$7ba0yba0y$8fre   $9   $aFanfare, Musique de
=580  \0$5h$314620695$7ba0yba0y$8fre   $9   $aFantaisies (orchestre)
=580  \0$5h$315651957$7ba0yba0y$8fre   $9   $aFox-trots (orchestre)
=580  \0$5h$312300675$7ba0yba0y$8fre   $9   $aFugues (orchestre)
=580  \0$5h$313742711$7ba0yba0y$8fre   $9   $aGalops (orchestre)
=580  \0$5h$317065558$7ba0yba0y$8fre   $9   $aGambang gangsa, Musique de
=580  \0$5h$312252205$7ba0yba0y$8fre   $9   $aGamelan, Musique de
=580  \0$5h$317065553$7ba0yba0y$8fre   $9   $aGamelan bonang, Musique de
=580  \0$5h$317065561$7ba0yba0y$8fre   $9   $aGamelan rèntèng, Musique de
=580  \0$5h$316600328$7ba0yba0y$8fre   $9   $aGavottes (orchestre)
=580  \0$5h$316605016$7ba0yba0y$8fre   $9   $aGigues (orchestre)
=580  \0$5h$317065563$7ba0yba0y$8fre   $9   $aGong gédé, Musique de
=580  \0$5h$314620803$7ba0yba0y$8fre   $9   $aHabaneras (orchestre)
=580  \0$5h$317065548$7ba0yba0y$8fre   $9   $aHsaìng-waìng, Musique de
=580  \0$5h$315653200$7ba0yba0y$8fre   $9   $aImpromptus (orchestre)
=580  \0$5h$315572757$7ba0yba0y$8fre   $9   $aIntermezzos (orchestre)
=580  \0$5h$314620814$7ba0yba0y$8fre   $9   $aJavas (orchestre)
=580  \0$5h$315652601$7ba0yba0y$8fre   $9   $aLändler (orchestre)
=580  \0$5h$312309794$7ba0yba0y$8fre   $9   $aMarches (orchestre)
=580  \0$5h$317065482$7ba0yba0y$8fre   $9   $aMariachi, Musique de
=580  \0$5h$316964326$7ba0yba0y$8fre   $9   $aMazurkas (orchestre)
=580  \0$5h$312309786$7ba0yba0y$8fre   $9   $aMenuets (orchestre)
=580  \0$5h$317065489$7ba0yba0y$8fre   $9   $aMohori, Musique de
=580  \0$5h$317065550$7ba0yba0y$8fre   $9   $aMpilalao, Musique de
=580  \0$5h$314623643$7ba0yba0y$8fre   $9   $aNocturnes (orchestre)
=580  \0$5h$316158518$7ba0yba0y$8fre   $9   $aOne-steps (orchestre)
=580  \0$5h$314630752$7ba0yba0y$8fre   $9   $aOrchestre, Musique d', pour la jeunesse
=580  \0$5h$312295017$7ba0yba0y$8fre   $9   $aOrchestre à cordes, Musique d'
=580  \0$5h$314638399$7ba0yba0y$8fre   $9   $aOrchestre à plectre, Musique d'
=580  \0$5h$314638386$7ba0yba0y$8fre   $9   $aOrchestre à vent, Musique d'
=580  \0$5h$311981463$7ba0yba0y$8fre   $9   $aOrchestre d'harmonie, Musique d'
=580  \0$5h$312295021$7ba0yba0y$8fre   $9   $aOrchestre de chambre, Musique d'
=580  \0$5h$313577800$7ba0yba0y$8fre   $9   $aOrchestre de jazz, Musique d'
=580  \0$5h$316500615$7ba0yba0y$8fre   $9   $aPaso doble (orchestre)
=580  \0$5h$312555463$7ba0yba0y$8fre   $9   $aPassacailles (orchestre)
=580  \0$5h$316962384$7ba0yba0y$8fre   $9   $aPassepieds (orchestre)
=580  \0$5h$315709118$7ba0yba0y$8fre   $9   $aPastorales (orchestre)
=580  \0$5h$314625289$7ba0yba0y$8fre   $9   $aPavanes (orchestre)
=580  \0$5h$317121429$7ba0yba0y$8fre   $9   $aPeriya melam, Musique de
=580  \0$5h$317065570$7ba0yba0y$8fre   $9   $aPhleng khmer, Musique de
=580  \0$5h$317046580$7ba0yba0y$8fre   $9   $aPī phāt, Musique de
=580  \0$5h$317065483$7ba0yba0y$8fre   $9   $aPin peat, Musique de
=580  \0$5h$312303230$7ba0yba0y$8fre   $9   $aPoèmes symphoniques
=580  \0$5h$312556094$7ba0yba0y$8fre   $9   $aPolkas (orchestre)
=580  \0$5h$314623685$7ba0yba0y$8fre   $9   $aPolonaises (orchestre)
=580  \0$5h$313742708$7ba0yba0y$8fre   $9   $aPots-pourris (orchestre)
=580  \0$5h$315587680$7ba0yba0y$8fre   $9   $aPréludes (orchestre)
=580  \0$5h$312307919$7ba0yba0y$8fre   $9   $aPréludes de chorals (orchestre)
=580  \0$5h$315862573$7ba0yba0y$8fre   $9   $aQuadrilles (orchestre)
=580  \0$5h$314628727$7ba0yba0y$8fre   $9   $aRhapsodies (orchestre)
=580  \0$5h$315936980$7ba0yba0y$8fre   $9   $aRicercari (orchestre)
=580  \0$5h$317016243$7ba0yba0y$8fre   $9   $aRigaudons (orchestre)
=580  \0$5h$316605471$7ba0yba0y$8fre   $9   $aRomances (orchestre)
=580  \0$5h$312530326$7ba0yba0y$8fre   $9   $aRondos (orchestre)
=580  \0$5h$317081192$7ba0yba0y$8fre   $9   $aRumbas (orchestre)
=580  \0$5h$317087714$7ba0yba0y$8fre   $9   $aSambas (orchestre)
=580  \0$5h$315010445$7ba0yba0y$8fre   $9   $aSarabandes (orchestre)
=580  \0$5h$313742691$7ba0yba0y$8fre   $9   $aScherzos (orchestre)
=580  \0$5h$316964436$7ba0yba0y$8fre   $9   $aScottishs (orchestre)
=580  \0$5h$317065566$7ba0yba0y$8fre   $9   $aSemar pegulingan, Musique de
=580  \0$5h$314629901$7ba0yba0y$8fre   $9   $aSérénades (orchestre)
=580  \0$5h$316601201$7ba0yba0y$8fre   $9   $aSiciliennes (orchestre)
=580  \0$5h$313191408$7ba0yba0y$8fre   $9   $aSteel band, Musique de
=580  \0$5h$312325944$7ba0yba0y$8fre   $9   $aSuites (orchestre)
=580  \0$5h$312144214$7ba0yba0y$8fre   $9   $aSymphonies
=580  \0$5h$317065100$7ba0yba0y$8fre   $9   $aTakht, Musique de
=580  \0$5h$315561976$7ba0yba0y$8fre   $9   $aTangos (orchestre)
=580  \0$5h$317065551$7ba0yba0y$8fre   $9   $aTaraf, Musique de
=580  \0$5h$316601204$7ba0yba0y$8fre   $9   $aTarentelles (orchestre)
=580  \0$5h$317764580$7ba0yba0y$8fre   $9   $aToccatas (orchestre)
=580  \0$5h$312556130$7ba0yba0y$8fre   $9   $aValses (orchestre)
=580  \0$5h$312523951$7ba0yba0y$8fre   $9   $aVariations (orchestre)
=580  \0$5h$317065568$7ba0yba0y$8fre   $9   $aWon pong lang, Musique de
=580  \0$5g$311957378$7ba0yba0y$8fre   $9   $aMusique instrumentale
=686  \\$a780$cMusique$2Note de regroupement par domaine
=801  \\$aFR$bFR-751131015$c20181004
=822  12$aOrchestral music$2LCSH$uhttp://id.loc.gov/authorities/subjects/sh85095326$d2018-10-03
=822  12$aOrchestre, Musique d'$2RVMLaval$d2018-10-03

