=LDR  00686cx  l2200193   45  
=001  FRBNF123108018
=003  http://catalogue.bnf.fr/ark:/12148/cb12310801q
=005  20120103
=039  \\$oOPL$a008947898
=100  \\$a19930517afrey50      ba0
=106  \\$a211
=152  \\$brameau$c2
=180  \\$ab
=280  \0$7ba0yba0y$8fre   $9   $aConcertos (violoncelle)
=580  \0$5g$312310792$7ba0yba0y$8fre   $9   $aVioloncelle et orchestre
=686  \\$a780$cMusique$2Note de regroupement par domaine
=801  \\$aFR$bFR-751131015$c20120103
=822  12$aConcertos (violoncelle)$2RVMLaval$d2012-01-03
=822  1\$aConcertos (Violoncello)$2LCSH$uhttp://id.loc.gov/authorities/subjects/sh85030584$d2017-02-09

