=LDR  03966cx  j2200625   45  
=001  FRBNF119365081
=003  http://catalogue.bnf.fr/ark:/12148/cb119365082
=005  20200626
=039  \\$oOPL$a001582906
=100  \\$a19810522afrey50      ba0
=106  \\$a210
=152  \\$brameau$c2
=250  \\$7ba0yba0y$8fre   $9   $aLittérature$xThèmes, motifs
=305  1\$aVoir aussi la subdivision Thèmes, motifs aux littératures, personnes et titres
=330  \\$aSous cette vedette, on trouve les documents qui étudient un ou plusieurs thèmes dans un vaste ensemble d'oeuvres littéraires
=330  \\$aOn établit une vedette-matière additionnelle au thème étudié suivi de la subdivision Dans la littérature, par ex. : Mer -- Dans la littérature
=450  \\$7ba0yba0y$8fre   $9   $aLittérature$xThèmes, motifs -- Études comparatives
=450  \\$7ba0yba0y$8fre   $9   $aLittérature comparée$xThèmes, motifs
=450  \\$7ba0yba0y$8fre   $9   $aThèmes littéraires
=550  \\$5z$0Voir aussi$311963446$7ba0yba0y$8fre   $9   $aContes$xClassification
=550  \\$5z$0Voir aussi$311996647$7ba0yba0y$8fre   $9   $aDans la littérature
=550  \\$5z$0Voir aussi$311954120$7ba0yba0y$8fre   $9   $aGuerre mondiale$x1914-1918) -- Littérature et guerre
=550  \\$5z$0Voir aussi$312074574$7ba0yba0y$8fre   $9   $aGuerre mondiale$x1939-1945) -- Littérature et guerre
=550  \\$5z$0Voir aussi$311932268$7ba0yba0y$8fre   $9   $aLittérature comparée
=550  \\$5z$0Voir aussi$311939100$7ba0yba0y$8fre   $9   $aLittérature et guerre
=550  \\$5z$0Voir aussi$311960175$7ba0yba0y$8fre   $9   $aLittérature et révolution
=550  \\$5z$0Voir aussi$311975676$7ba0yba0y$8fre   $9   $aThèmes, motifs
=550  \\$5h$311980027$7ba0yba0y$8fre   $9   $aAbsurde (philosophie)$xDans la littérature
=550  \\$5h$312011046$7ba0yba0y$8fre   $9   $aCarnavals$xDans la littérature
=550  \\$5h$311937542$7ba0yba0y$8fre   $9   $aDanse macabre
=550  \\$5h$313530309$7ba0yba0y$8fre   $9   $aDépart (littérature)
=550  \\$5h$312008745$7ba0yba0y$8fre   $9   $aFemmes$xDans la littérature
=550  \\$5h$311955235$7ba0yba0y$8fre   $9   $aHistoire (discipline)$xDans la littérature
=550  \\$5h$316222066$7ba0yba0y$8fre   $9   $aHumour$xDans la littérature
=550  \\$5h$316770627$7ba0yba0y$8fre   $9   $aInvisibilité
=550  \\$5h$315066715$7ba0yba0y$8fre   $9   $aLumière et ténèbres$xDans la littérature
=550  \\$5h$313512105$7ba0yba0y$8fre   $9   $aManuscrits imaginaires (littérature)
=550  \\$5h$311937578$7ba0yba0y$8fre   $9   $aMétamorphose (littérature)
=550  \\$5h$311932514$7ba0yba0y$8fre   $9   $aÉgotisme
=550  \\$5h$311980057$7ba0yba0y$8fre   $9   $aMythologie$xDans la littérature
=550  \\$5h$317840523$7ba0yba0y$8fre   $9   $aPacte avec le diable (littérature)
=550  \\$5h$312192444$7ba0yba0y$8fre   $9   $aPassage (littérature)
=550  \\$5h$311961448$7ba0yba0y$8fre   $9   $aPhilosophie$xDans la littérature
=550  \\$5h$316585454$7ba0yba0y$8fre   $9   $aQuerelle des Femmes
=550  \\$5h$311970737$7ba0yba0y$8fre   $9   $aQuête (littérature)
=550  \\$5h$311932727$7ba0yba0y$8fre   $9   $aRéalisme (littérature)
=550  \\$5h$313737165$7ba0yba0y$8fre   $9   $aRetour (littérature)
=550  \\$5h$311976121$7ba0yba0y$8fre   $9   $aSentimentalisme (littérature)
=550  \\$5h$311935970$7ba0yba0y$8fre   $9   $aSexualité$xDans la littérature
=550  \\$5h$311933339$7ba0yba0y$8fre   $9   $aSignes et symboles$xDans la littérature
=580  \0$5z$0Voir aussi$311939456$7ba0yba0y$8fre   $9   $aLittérature
=686  \\$a801$cPoésie$2Note de regroupement par domaine
=801  \\$aFR$bFR-751131015$c20200626
=822  12$aComparative literature--Themes, motives$2LCSH$uhttp://id.loc.gov/authorities/subjects/sh85077545$d2019-10-08
=822  12$aLittérature comparée--Thèmes, motifs$2RVMLaval$d2019-10-08

