=LDR  00674cx  l2200193   45  
=001  FRBNF123107172
=003  http://catalogue.bnf.fr/ark:/12148/cb12310717t
=005  20120102
=039  \\$oOPL$a008946764
=100  \\$a19930517afrey50      ba0
=106  \\$a211
=152  \\$brameau$c2
=180  \\$ab
=280  \0$7ba0yba0y$8fre   $9   $aConcertos (trombone)
=580  \0$5g$312310712$7ba0yba0y$8fre   $9   $aTrombone et orchestre
=686  \\$a780$cMusique$2Note de regroupement par domaine
=801  \\$aFR$bFR-751131015$c20120102
=822  12$aConcertos (trombone)$2RVMLaval$d2012-01-02
=822  1\$aConcertos (Trombone)$2LCSH$uhttp://id.loc.gov/authorities/subjects/sh85030380$d2017-02-09

