=LDR  00677nx  b2200205   45  
=001  FRBNF144661310
=003  http://catalogue.bnf.fr/ark:/12148/cb14466131n
=100  \\$a20030404afrey50      ba0
=102  \\$aSE
=103  \\$a 1998               
=105  \\$aa
=106  \\$a1  
=150  \\$ay$bc6  
=152  \\$c2
=210  ||$7ba0yba0y$8fre   $920 $aPan vision corporate games
=300  0\$aDéveloppeur de jeux multimédia
=303  \\$aTegnérgatan 34, 3tr, PO box 6809, 11386 Stockholm
=801  \\$aFR$bFR-751131015$c20030404
=810  \\$aAlexandra Ledermann 3 [Ressource électronique] / Pan vision. Ubi soft, 2002
=856  \\$uhttp://corporate.panvision.com/start.html$e2003-04-04

