=LDR  00712cx  b2200205   45  
=001  FRBNF150624252
=003  http://catalogue.bnf.fr/ark:/12148/cb150624251
=005  20060608
=100  \\$a20060504afrey50      ba0
=102  \\$aCA
=103  \\$a 1938               
=106  \\$a210
=150  \\$ay$bt   
=152  \\$c2
=210  ||$7ba0yba0y$8fre   $920 $aRoyal Winnipeg Ballet
=300  1\$aCompagnie de danse
=550  \\$5g$313167373$7ba0yba0y$8fre   $9  4$aCompagnies de danse$yCanada
=686  \\$a790$cSpectacles et loisirs (généralités)$2Note de regroupement par domaine
=801  \\$aFR$bFR-751131015$c20060608
=810  \\$aAn instinct for success : Arnold Spohr and the Royal Winnipeg Ballet / Michael Crabb, 2002

