=LDR  00668nx  a2200217   45  
=001  FRBNF165376229
=003  http://catalogue.bnf.fr/ark:/12148/cb165376224
=010  \\$a0000000063259782$2VIAF$d20130808
=100  \\$a20110920afrey50      ba0
=101  \\$ager
=102  \\$aDE
=103  \\$a 19..               
=105  \\$aa
=106  \\$a1  
=120  \\$ab
=152  \\$c2
=200  \|$7ba0yba0y$8fre   $9 0 $aEickhoff$bStefan
=801  \\$aFR$bFR-751131015$c20110920
=810  \\$aMax Schreck : Gespenstertheater / Stefan Eickhoff, 2009
=810  \\$aLibrary of Congress authorities - http://authorities.loc.gov (2011-09-20)
=856  \\$uhttp://authorities.loc.gov$e2011-09-20

