=LDR  00584cx  a2200181   45  
=001  FRBNF141734792
=003  http://catalogue.bnf.fr/ark:/12148/cb14173479f
=005  20090806
=100  \\$a20030310afrey50      ba0
=102  \\$aXX
=103  \\$a 19..               
=105  \\$ai
=106  \\$a1  
=120  \\$aa
=152  \\$c2
=200  \|$7ba0yba0y$8fre   $9 0 $aDuchiron$bMarie-Laetitia
=801  \\$aFR$bFR-751131015$c20090806
=810  \\$aDracula [Enregistrement sonore] : fin / Bram Stoker, aut. ; [...] Pierre Val, Florianne Galber, Marie-Laetitia Duchiron... [et al.], voix. Livraphone LIV209

