=LDR  00682nx  a2200229   45  
=001  FRBNF161666391
=003  http://catalogue.bnf.fr/ark:/12148/cb16166639j
=010  \\$a0000000109238478$2VIAF$d20130807
=100  \\$a20091217afrey50      ba0
=101  \\$aeng
=102  \\$aUS
=103  \\$a 1964               
=105  \\$aa
=106  \\$a1  
=120  \\$ab
=152  \\$c2
=200  \|$7ba0yba0y$8fre   $9 0 $aHolt$bIan$f1964-....
=300  0\$aRomancier
=801  \\$aFR$bFR-751131015$c20091217
=810  \\$aDracula l'immortel / Dacre Stocker et Ian Holt, DL 2009
=810  \\$aLC authorities - http://authorities.loc.gov (2009-12-16)
=856  \\$uhttp://authorities.loc.gov/$e2009-12-16

