=LDR  01445cx  l2200289   45  
=001  FRBNF13545625X
=003  http://catalogue.bnf.fr/ark:/12148/cb13545625g
=005  20160601
=039  \\$oOPL$a014845435
=100  \\$a20000311afrey50      ba0
=106  \\$a211
=152  \\$brameau$c2
=180  \\$ab
=280  \0$7ba0yba0y$8fre   $9   $aFilms de danse
=330  \\$aSous cette vedette, on trouve les films de danse eux-mêmes. Les documents sur ce genre cinématographique se trouvent sous la vedette Films de danse suivie de Histoire et critique ou de toute autre subdivision de sujet ou de forme appropriée. [Note d'application à mettre à jour]
=480  \0$7ba0yba0y$8fre   $9   $aDanse, Films de
=480  \0$7ba0yba0y$8fre   $9   $aVidéo-danse
=480  \0$7ba0yba0y$8fre   $9   $aVidéos de danse
=550  \\$5z$0Voir aussi$311931841$7ba0yba0y$8fre   $9   $aDanse
=580  \0$5z$0Voir aussi$316162704$7ba0yba0y$8fre   $9   $aSpectacles captés
=580  \0$5g$311936118$7ba0yba0y$8fre   $9   $aCinéma
=686  \\$a790$cSpectacles et loisirs (généralités)$2Note de regroupement par domaine
=686  \\$a791$cAudiovisuel$2Note de regroupement par domaine
=801  \\$aFR$bFR-751131015$c20160601
=810  \\$aDict. de la danse / P. Le Moal, 1999$aMeg Stuart : Bild in Bewegung und Choreographie / A. Jochim, 2008$aFilmer la danse / J. Aubenas, 2006
=822  12$aFilms de danse$2RVMLaval$d2016-06-01
=822  11$2LCSH$d2016-06-01

