=LDR  01506cx  b2200349   45  
=001  FRBNF119453097
=003  http://catalogue.bnf.fr/ark:/12148/cb11945309t
=005  20121124
=010  \\$a0000000123753986$2VIAF$d20130724
=039  \\$oOPL$a001700849$zAMA
=100  \\$a19820527afrey50      ba0
=101  \\$afre
=102  \\$aFR
=103  \\$a 1672               
=105  \\$aa$ai$ap
=106  \\$a010
=150  \\$az$bt   
=210  ||$7ba0yba0y$8fre   $920 $aOpéra national de Paris$bBallet
=300  |\$aFondé par Pierre Beauchamp à l'initiative de Louis XIV
=303  \\$aPalais Garnier : 8 rue Scribe, 75009 Paris
=410  ||$7ba0yba0y$8fre   $9   $aOpéra de Paris$bBallet
=410  ||$7ba0yba0y$8fre   $9   $aOpéra national de Paris$bCorps de ballet
=410  ||$7ba0yba0y$8fre   $9   $aBallet du Théâtre national de l'Opéra de Paris
=410  ||$7ba0yba0y$8fre   $9   $aBallet de l'Opéra de Paris
=410  ||$7ba0yba0y$8fre   $9   $aBallet de l'Opéra national de Paris
=410  ||$7ba0yba0y$8fre   $9   $aCorps de ballet de l'Opéra de Paris
=415  \\$7ba0yba0y$8fre   $9   $aParis (France)$xBallet de l'Opéra
=510  ||$5z$0Regroupé par$311865646$7ba0yba0y$8fre   $920 $aOpéra national de Paris
=550  \\$5g$312443630$7ba0yba0y$8fre   $9   $aCompagnies de danse$yFrance
=686  \\$a790$cSpectacles et loisirs (généralités)$2Note de regroupement par domaine
=801  \\$aFR$bFR-751131015$c20121124
=856  \\$uhttp://www.opera-de-paris.fr/ballet$e2003-06-17

