=LDR  02771cx  l2200517   45  
=001  FRBNF133183243
=003  http://catalogue.bnf.fr/ark:/12148/cb133183242
=005  20200226
=039  \\$oOPL$a001523701
=100  \\$a19841217afrey50      ba0
=106  \\$a201
=152  \\$brameau$c2
=180  \\$aa
=280  \0$7ba0yba0y$8fre   $9   $aBibliographie
=330  \\$aS'emploie également en subdivision
=480  \0$7ba0yba0y$8fre   $9   $aBibliographies
=480  \0$7ba0yba0y$8fre   $9   $aGuides bibliographiques
=480  \0$7ba0yba0y$8fre   $9   $aLivres$xBibliographie
=550  \\$5z$0Voir aussi$311957783$7ba0yba0y$8fre   $9   $aBibliographes
=550  \\$5z$0Voir aussi$312384152$7ba0yba0y$8fre   $9   $aBibliographie$xPrix et récompenses
=550  \\$5z$0Voir aussi$311932295$7ba0yba0y$8fre   $9   $aLivres
=550  \\$5z$0Voir aussi$311941422$7ba0yba0y$8fre   $9   $aRecherche documentaire
=550  \\$5z$0Voir aussi$312048785$7ba0yba0y$8fre   $9   $aServices bibliographiques
=550  \\$5h$317150386$7ba0yba0y$8fre   $9   $aBases de données bibliographiques
=550  \\$5h$311947970$7ba0yba0y$8fre   $9   $aBibliographie$xMéthodologie
=550  \\$5h$312455464$7ba0yba0y$8fre   $9   $aBibliographie internationale
=550  \\$5h$311959076$7ba0yba0y$8fre   $9   $aBibliographie matérielle
=550  \\$5h$311933970$7ba0yba0y$8fre   $9   $aBibliographie nationale
=550  \\$5h$311963535$7ba0yba0y$8fre   $9   $aRéférences bibliographiques
=550  \\$5g$311945338$7ba0yba0y$8fre   $9   $aBibliologie
=550  \\$5g$313318463$7ba0yba0y$8fre   $9   $aDocumentation
=580  \0$5z$0Voir aussi$311944971$7ba0yba0y$8fre   $9   $aFilmographie
=580  \0$5z$0Voir aussi$311977800$7ba0yba0y$8fre   $9   $aIndex
=580  \0$5z$0Voir aussi$311932926$7ba0yba0y$8fre   $9   $aOuvrages de référence
=580  \0$5h$312045235$7ba0yba0y$8fre   $9   $aBibliographie analytique
=580  \0$5h$313318590$7ba0yba0y$8fre   $9   $aBibliographie critique
=580  \0$5h$312042386$7ba0yba0y$8fre   $9   $aBibliographie descriptive
=580  \0$5h$311931665$7ba0yba0y$8fre   $9   $aBibliographie de bibliographies
=580  \0$5h$311976253$7ba0yba0y$8fre   $9   $aBiobibliographie
=686  \\$a020$cSciences de l'information$2Note de regroupement par domaine
=801  \\$aFR$bFR-751131015$c20200226
=810  \\$aGrand Larousse universel$aGrand Robert de la langue française, 2001
=810  \\$aManuel de bibliographie générale / M.-H. Prévoteau, J.-C. Utard, 2005
=822  12$aBibliography$2LCSH$uhttp://id.loc.gov/authorities/subjects/sh85013838$d2018-08-25
=822  13$aBibliographical literature$2LCSH$uhttp://id.loc.gov/authorities/subjects/sh85013836$d2018-08-25
=822  12$aBibliographie$2RVMLaval$d2018-08-25

