=LDR  00627nx  a2200193   45  
=001  FRBNF165084538
=003  http://catalogue.bnf.fr/ark:/12148/cb16508453g
=100  \\$a20110511afrey50      ba0
=102  \\$aXX
=105  \\$ai
=106  \\$a1  
=120  \\$aa
=152  \\$c2
=200  \|$7ba0yba0y$8fre   $9 0 $aBirtwhistle$bTara
=300  0\$aActrice
=801  \\$aFR$bFR-751131015$c20110511
=810  \\$aCowards bend the knee [Images animées] / Guy Maddin, réal. ; Tara Birtwhistle, act. ED distribution, 2011
=810  \\$aIMDB - http://www.imdb.fr/name/nm1039461 (2011-05-11)
=856  \\$uhttp://www.imdb.fr/name/nm1039461/$e2011-05-11

