=LDR  00708cx  b2200193   45  
=001  FRBNF138818369
=003  http://catalogue.bnf.fr/ark:/12148/cb138818362
=005  20020531
=100  \\$a19890601afrey50      ba0
=102  \\$aUS
=105  \\$ca$dh$dr
=106  \\$a1  
=150  \\$ay
=152  \\$c2
=210  ||$7ba0yba0y$8fre   $9 0 $aLions gate productions
=300  0\$aSociété de production appartenant à Lions gate entertainment
=303  \\$a4553 Glencoe Av. , 90292 Marina del Rey, Calif. 
=801  \\$aFR$bFR-751131015$c20020531
=810  \\$aLions gate entertainment (http://www.lionsgate-ent.com), 2002-05-31$aHoover's online (http://www.hoovers.com), 2002-05-31$aAmerican psycho. Lions gate productions, 2000

