=LDR  01690cx  l2200361   45  
=001  FRBNF11980577X
=003  http://catalogue.bnf.fr/ark:/12148/cb11980577g
=005  20160602
=039  \\$oOPL$a002184086
=100  \\$a19850707afrey50      ba0
=106  \\$a211
=152  \\$brameau$c2
=180  \\$ab
=280  \0$7ba0yba0y$8fre   $9   $aFilms d'horreur
=480  \0$7ba0yba0y$8fre   $9   $aCinéma d'horreur
=480  \0$7ba0yba0y$8fre   $9   $aFilms d'épouvante
=480  \0$7ba0yba0y$8fre   $9  2$aFilms de monstres
=480  \0$7ba0yba0y$8fre   $9   $aFilms de terreur
=480  \0$7ba0yba0y$8fre   $9   $aHorreur$xFilms
=480  \0$7ba0yba0y$8fre   $9   $aMonstres$xFilms
=550  \\$5z$0Voir aussi$312249836$7ba0yba0y$8fre   $9   $aHorreur
=550  \\$5z$0Voir aussi$311963348$7ba0yba0y$8fre   $9   $aMonstres
=580  \0$5h$311931407$7ba0yba0y$8fre   $9   $aFilms de vampires
=580  \0$5h$313747837$7ba0yba0y$8fre   $9   $aFilms de zombis
=580  \0$5h$317050234$7ba0yba0y$8fre   $9   $aFilms gore
=580  \0$5h$316945332$7ba0yba0y$8fre   $9   $aSlashers
=580  \0$5g$316242273$7ba0yba0y$8fre   $9   $aFilms de fiction
=686  \\$a791$cAudiovisuel$2Note de regroupement par domaine
=801  \\$aFR$bFR-751131015$c20160602
=810  \\$aL'art de faire peur : des récits légendaires aux films d'horreur / M. Roberge, 2004$aDict. du cinéma / J.-L. Passek, 1991 (art. : Karloff, William Henry Pratt, dit Boris)
=822  12$aFilms d'horreur$2RVMLaval$d2016-06-02
=822  1\$aHorror films$2LCSH$uhttp://id.loc.gov/authorities/subjects/sh85062077$d2017-02-09
=822  1\$aMonster films$2LCSH$uhttp://id.loc.gov/authorities/subjects/sh2007008609$d2017-02-09

