=LDR  01467cx  l2200277   45  
=001  FRBNF119805399
=003  http://catalogue.bnf.fr/ark:/12148/cb11980539x
=005  20200305
=039  \\$oOPL$a002183632
=100  \\$a19850707afrey50      ba0
=106  \\$a211
=152  \\$brameau$c2
=180  \\$aa
=280  \0$7ba0yba0y$8fre   $9   $aAffiches de cinéma
=305  1\$aVoir aussi la subdivision de sujet ou de forme Affiches à tous sujets noms communs et noms propres pour des études sur des affiches ou des recueils d'affiches dont le cinéma est le thème, par ex. : Films d'aventures -- Affiches
=480  \0$7ba0yba0y$8fre   $9   $aAffiches de films
=480  \0$7ba0yba0y$8fre   $9   $aCinéma$xAffiches
=550  \\$5g$312066913$7ba0yba0y$8fre   $9   $aCinéma$xPublicité
=580  \0$5g$311952386$7ba0yba0y$8fre   $9   $aAffiches de spectacle
=686  \\$a760$cArts graphiques$2Note de regroupement par domaine
=686  \\$a791$cAudiovisuel$2Note de regroupement par domaine
=801  \\$aFR$bFR-751131015$c20200305
=810  \\$a100 ans d'affiches de cinéma : description et cote de 20 000 affiches / S. Choko, 1995$aL'affiche de cinéma : le cinéma français / J.-L. Capitaine, B. J. M. Charton, 1983
=822  12$aAffiches de cinéma$2RVMLaval$d2020-02-23
=822  12$aFilm posters$2LCGFT$uhttp://id.loc.gov/authorities/genreForms/gf2017026118$d2020-03-05
=822  12$aFilm posters$2LCSH$uhttp://id.loc.gov/authorities/subjects/sh85048229$d2020-02-09

