=LDR  01285cx  l2200265   45  
=001  FRBNF119497987
=003  http://catalogue.bnf.fr/ark:/12148/cb11949798b
=005  20150430
=039  \\$oOPL$a001760718
=100  \\$a19821126afrey50      ba0
=106  \\$a211
=152  \\$brameau$c2
=180  \\$ab
=280  \0$7ba0yba0y$8fre   $9   $aRoman épistolaire
=305  1\$aVoir aussi les vedettes du type Roman épistolaire [adjectif de langue, de nationalité ou géographique]
=330  \\$aSous cette vedette, on trouve les recueils de romans épistolaires de divers pays ou en diverses langues
=480  \0$7ba0yba0y$8fre   $9   $aRoman par lettres
=580  \0$5g$311947348$7ba0yba0y$8fre   $9   $aLittérature épistolaire
=580  \0$5g$311940505$7ba0yba0y$8fre   $9   $aRoman
=686  \\$a801$cPoésie$2Note de regroupement par domaine
=801  \\$aFR$bFR-751131015$c20150430
=810  \\$aGrand Larousse universel (art. : Épistolaire)
=810  \\$aDict. des termes littéraires, 2005$aLexique des termes littéraires / M. Jarrety, 2001$aDict. du littéraire / P. Aron, D. Saint-Jacques, A. Viala, 2002 (art. : Épistolaire)
=822  12$aRoman épistolaire$2RVMLaval$d2015-04-30
=822  1\$aEpistolary fiction$2LCSH$uhttp://id.loc.gov/authorities/subjects/sh85044453$d2017-02-09

