=LDR  00647cx  a2200217   45  
=001  FRBNF140481044
=003  http://catalogue.bnf.fr/ark:/12148/cb140481044
=005  20070601
=010  \\$a0000000115844474$2VIAF$d20130801
=039  \\$oOPP$a13825564$d20070601
=100  \\$a20020124afrey50      ba0
=102  \\$aUS
=103  \\$a 19120619  19860522 
=105  \\$ai
=106  \\$a1  
=120  \\$ab
=152  \\$c2
=200  \|$7ba0yba0y$8fre   $9 0 $aGabel$bMartin$f1912-1986
=300  0\$aActeur et réalisateur
=801  \\$aFR$bFR-751131015$c20070601
=810  \\$aThe Macmillan international film encyclopedia, 1994$aIMDB (http://us.imdb.com/), 2002-01-24

