=LDR  00740cx  a2200229   45  
=001  FRBNF150729036
=003  http://catalogue.bnf.fr/ark:/12148/cb150729039
=005  20171206
=010  \\$a0000000109899671$2VIAF$d20130805
=100  \\$a20060614afrey50      ba0
=102  \\$aPL
=103  \\$a 1973               
=105  \\$aa
=106  \\$a1  
=120  \\$ab
=152  \\$c2
=200  \|$7ba0yba0y$8fre   $9 0 $aKowalski$bPiotr$f1973-....
=300  0\$aDessinateur de bandes dessinées
=801  \\$aFR$bFR-751131015$c20171206
=810  \\$aLa branche Lincoln / [dessin de] Piotr Kowalski ; [scénario de] Emmanuel Herzet, 2006-
=810  \\$aBD paradiso - http://www.bdparadisio.com (2006-03-14)
=856  \\$uhttp://www.bdparadisio.com$e2006-03-14

