=LDR  04326cx  l2200793   45  
=001  FRBNF133189029
=003  http://catalogue.bnf.fr/ark:/12148/cb13318902d
=005  20211215
=039  \\$oOPL$a001990772
=039  \\$oOPL$a001658414
=039  \\$oOPP$a13318567$d20110527
=100  \\$a19841019afrey50      ba0
=106  \\$a201
=152  \\$brameau$c2
=180  \\$ab
=280  \0$7ba0yba0y$8fre   $9   $aJeux vidéo
=305  1\$aVoir aussi la subdivision Dans les jeux vidéo à tous sujets noms communs et noms propres
=330  \\$aS'emploie également en subdivision
=480  \0$7ba0yba0y$8fre   $9   $aConsoles de jeux vidéo
=480  \0$7ba0yba0y$8fre   $9   $aJeux$xLogiciels
=480  \0$7ba0yba0y$8fre   $9   $aJeux d'ordinateur
=480  \0$7ba0yba0y$8fre   $9   $aJeux informatiques
=480  \0$7ba0yba0y$8fre   $9   $aJeux informatisés
=480  \0$7ba0yba0y$8fre   $9   $aJeux sur consoles
=480  \0$7ba0yba0y$8fre   $9   $aJeux sur microordinateurs
=480  \0$7ba0yba0y$8fre   $9   $aJeux sur ordinateur
=480  \0$7ba0yba0y$8fre   $9   $aLogiciels de jeu
=480  \0$7ba0yba0y$8fre   $9   $aLogiciels ludiques
=480  \0$7ba0yba0y$8fre   $9   $aLudiciels
=550  \\$5z$0Voir aussi$317020320$7ba0yba0y$8fre   $9   $aAllegro$xinformatique
=550  \\$5z$0Voir aussi$316950070$7ba0yba0y$8fre   $9   $aBibliothèques et jeux vidéo
=550  \\$5z$0Voir aussi$316586281$7ba0yba0y$8fre   $9   $aCinéma et jeux vidéo
=550  \\$5z$0Voir aussi$317785631$7ba0yba0y$8fre   $9   $aConcepteurs de jeux vidéo
=550  \\$5z$0Voir aussi$316596472$7ba0yba0y$8fre   $9   $aDans les jeux vidéo
=550  \\$5z$0Voir aussi$317718979$7ba0yba0y$8fre   $9   $aJeux vidéo et histoire
=550  \\$5z$0Voir aussi$316988626$7ba0yba0y$8fre   $9   $aJoueurs de jeux vidéo
=550  \\$5z$0Voir aussi$317801502$7ba0yba0y$8fre   $9   $aPixel art
=550  \\$5z$0Voir aussi$312009415$7ba0yba0y$8fre   $9   $aSalles d'arcades
=550  \\$5h$318043595$7ba0yba0y$8fre   $9   $aJeux de combat (jeux vidéo)
=550  \\$5h$312260490$7ba0yba0y$8fre   $9   $aGame Boy (jeux vidéo)
=550  \\$5h$316682294$7ba0yba0y$8fre   $9   $aManettes de jeux vidéo
=550  \\$5h$317847717$7ba0yba0y$8fre   $9   $aNeo-Geo (jeux vidéo)
=550  \\$5h$312168198$7ba0yba0y$8fre   $9   $aNintendo (jeux vidéo)
=550  \\$5h$316680150$7ba0yba0y$8fre   $9   $aPC-Engine (jeux vidéo)
=550  \\$5h$314537442$7ba0yba0y$8fre   $9   $aPersonnages de jeux vidéo
=550  \\$5h$313540345$7ba0yba0y$8fre   $9   $aPlayStation (jeux vidéo)
=550  \\$5h$316169473$7ba0yba0y$8fre   $9   $aPublicité intégrée dans les jeux vidéo
=550  \\$5h$312198616$7ba0yba0y$8fre   $9   $aSega (jeux vidéo)
=550  \\$5h$317135974$7ba0yba0y$8fre   $9   $aSport électronique
=550  \\$5h$314421002$7ba0yba0y$8fre   $9   $aXbox (jeux vidéo)
=550  \\$5g$313318351$7ba0yba0y$8fre   $9   $aJeux
=580  \0$5z$0Voir aussi$316759799$7ba0yba0y$8fre   $9   $aMachinimas
=580  \0$5z$0Voir aussi$316759566$7ba0yba0y$8fre   $9   $aMusique de jeux vidéo
=580  \0$5h$313319261$7ba0yba0y$8fre   $9   $aJeux d'aventure (jeux vidéo)
=580  \0$5h$317986349$7ba0yba0y$8fre   $9   $aJeux de civilisation
=580  \0$5h$316670483$7ba0yba0y$8fre   $9   $aJeux de guerre (jeux vidéo)
=580  \0$5h$317088469$7ba0yba0y$8fre   $9   $aJeux musicaux (jeux vidéo)
=580  \0$5h$317165084$7ba0yba0y$8fre   $9   $aJeux sur mobiles
=580  \0$5h$313319748$7ba0yba0y$8fre   $9   $aLogiciels ludoéducatifs
=580  \0$5g$311961680$7ba0yba0y$8fre   $9   $aJeux électroniques
=580  \0$5g$313318370$7ba0yba0y$8fre   $9   $aLogiciels
=686  \\$a621$2Note de regroupement par domaine
=686  \\$a793$cJeux$2Note de regroupement par domaine
=801  \\$aFR$bFR-751131015$c20211215
=810  \\$aEncycl. des jeux vidéo / F. Sanchez, 2008$aLa saga des jeux vidéo / D. Ichbiah, 2011$aJeuxvideo.com : la référence des jeux vidéo sur PC et consoles
=822  12$aVideo games$2LCSH$uhttp://id.loc.gov/authorities/subjects/sh85143202$d2021-12-08
=822  14$aComputer games$2LCSH$uhttp://id.loc.gov/authorities/subjects/sh85029499$d2021-12-08
=822  12$aJeux vidéo$2RVMLaval$d2021-12-08
=822  14$aJeux d'ordinateur$2RVMLaval$d2021-12-08

