=LDR  01536cx  l2200289   45  
=001  FRBNF165553836
=003  http://catalogue.bnf.fr/ark:/12148/cb16555383f
=005  20140320
=100  \\$a20111205afrey50      ba0
=106  \\$a211
=152  \\$brameau$c2
=180  \\$ab
=280  \0$7ba0yba0y$8fre   $9   $aBandes dessinées fantastiques
=330  \\$aSous cette vedette, on trouve les recueils ou albums isolés de bande dessinée fantastique
=480  \0$7ba0yba0y$8fre   $9   $aFantastique$xBandes dessinées
=550  \\$5g$311940620$7ba0yba0y$8fre   $9   $aArt fantastique
=580  \0$5z$0Voir aussi$316742576$7ba0yba0y$8fre   $9   $aBandes dessinées de fantasy
=580  \0$5g$311931019$7ba0yba0y$8fre   $9   $aBandes dessinées
=580  \0$5g$311952413$7ba0yba0y$8fre   $9   $aLittérature fantastique
=686  \\$a740$cDessin, arts décoratifs, artisanat d'art$2Note de regroupement par domaine
=686  \\$a801$cPoésie$2Note de regroupement par domaine
=801  \\$aFR$bFR-751131015$c20140320
=810  \\$aEncycl. universalis (art. : Bande dessinée) - http://www.universalis-edu.com (2014-03-20)
=810  \\$aDict. encyclopédique des héros et auteurs de BD. 3 / H. Filippini, 1998$aLa bande dessinée fantastique à la lumière de l'anthropologie religieuse / K. Heller, 1998
=822  12$aBandes dessinées fantastiques$2RVMLaval$d2014-03-20
=822  1\$aFantasy comic books, strips, etc.$2LCSH$uhttp://id.loc.gov/authorities/subjects/sh97000542$d2017-02-09
=856  \\$uhttp://www.universalis-edu.com$e2014-03-20

