=LDR  00596cx  a2200193   45  
=001  FRBNF121110515
=003  http://catalogue.bnf.fr/ark:/12148/cb12111051z
=005  19951128
=010  \\$a0000000000076233$2VIAF$d20130725
=039  \\$oOPL$a004533946
=100  \\$a19890425afrey50      ba0
=101  \\$afre
=102  \\$aFR
=105  \\$aa
=106  \\$a1  
=200  \|$7ba0yba0y$8fre   $9 0 $aLullien$bJean-Claude
=300  0\$aTraduit de l'anglais en français
=801  \\$aFR$bFR-751131015$c19951128
=810  \\$aLe crime d'Oscar Wilde / Walter Satterthwait ; trad. de l'anglais par Jean-Claude Lullien, 1995

