=LDR  00777nx  a2200229   45  
=001  FRBNF155399852
=003  http://catalogue.bnf.fr/ark:/12148/cb155399856
=010  \\$a0000000120204631$2VIAF$d20130806
=100  \\$a20070614afrey50      ba0
=101  \\$afre
=102  \\$aBE
=103  \\$a 1970               
=105  \\$aa
=106  \\$a1  
=120  \\$ab
=152  \\$c2
=200  \|$7ba0yba0y$8fre   $9 0 $aDufranne$bMichel$f1970-....
=300  0\$aScénariste de bandes dessinées
=801  \\$aFR$bFR-751131015$c20070614
=810  \\$aLes trois mousquetaires / d'Alexandre Dumas ; scénario, Jean David Morvan et Michel Dufranne ; dessin, Rubén, 2007-
=810  \\$aInternet - http://www.editions-delcourt.fr (2007-06-14)
=856  \\$uhttp://www.editions-delcourt.fr$e2007-06-14

