=LDR  00704cx  a2200193   45  
=001  FRBNF141792728
=003  http://catalogue.bnf.fr/ark:/12148/cb14179272x
=005  20090525
=100  \\$a20030310afrey50      ba0
=102  \\$aFR
=103  \\$a 19..               
=105  \\$ai
=106  \\$a1  
=120  \\$ab
=200  \|$7ba0yba0y$8fre   $9 0 $aFuchs$bArnaud-Didier
=300  0\$aComédien
=400  \|$7ba0yba0y$8fre   $9   $aFuch$bArnaud Didier
=801  \\$aFR$bFR-751131015$c20090525
=810  \\$aDracula [Enregistrement sonore] / Bram Stocker, aut. ; Arnaud Saint-Pères. Livraphone$aDracula [Enregistrement sonore] / Bram Stocker, aut. ; Marianne Pitaressi... [et al.], voix. Livraphone LIV 207M (2009-05-25)

