=LDR  00792cx  a2200241   45  
=001  FRBNF141209894
=003  http://catalogue.bnf.fr/ark:/12148/cb14120989c
=005  20060704
=010  \\$a0000000080014058$2VIAF$d20130801
=100  \\$a20030310afrey50      ba0
=102  \\$aUS
=103  \\$a 1964               
=105  \\$aa
=106  \\$a1  
=120  \\$ab
=152  \\$c2
=200  \|$7ba0yba0y$8fre   $9 0 $aMerhige$bE. Elias$f1964-....
=300  0\$aRéalisateur
=400  \|$7ba0yba0y$8fre   $9   $aMerhige$bEdmund Elias$f1964-....
=801  \\$aFR$bFR-751131015$c20060704
=810  \\$aSuspect zero [Images animées] / E. Elias Merhige, réal. Gaumont Columbia Tristar home vidéo, 2005
=810  \\$aIMDB - http://www.us.imdb.com (2006-02-21)
=856  \\$uhttp://www.us.imdb.com$e2006-02-21

