=LDR  00718cx  a2200229   45  
=001  FRBNF14169469X
=003  http://catalogue.bnf.fr/ark:/12148/cb14169469c
=005  20061206
=010  \\$a0000000039498521$2VIAF$d20130801
=100  \\$a20030310afrey50      ba0
=102  \\$aGB
=103  \\$a 19160522  19761122 
=105  \\$ai
=106  \\$a1  
=120  \\$ab
=152  \\$c2
=200  \|$7ba0yba0y$8fre   $9 0 $aDavies$bRupert$f1916-1976
=300  0\$aActeur
=801  \\$aFR$bFR-751131015$c20061206
=810  \\$aLe grand inquisiteur [Images animées] / Michael Reeves, réal. ; Rupert Davies, act. Neo publishing, 2005
=810  \\$aIMDB - http://www.us.imdb.com (2006-03-24)
=856  \\$uhttp://www.us.imdb.com/$e2006-03-24

