=LDR  23775cx  b2204693   45  
=001  FRBNF138904601
=003  http://catalogue.bnf.fr/ark:/12148/cb13890460s
=005  20181030
=039  \\$oOPL$a014006967
=039  \\$oOPP$a13341658$d20090220
=100  \\$a19890601afrey50      ba0
=102  \\$aFR
=105  \\$ce$cd$dg$dh
=106  \\$a010
=150  \\$ay$bc9  
=210  ||$7ba0yba0y$8fre   $9 0 $aWarner music France
=300  |\$aAncienne adresse : (19..-2001) 102 av. du Président-Kennedy, 75016 Paris. Tél. 01.44.30.40.00. Fax 01.44.30.40.50
=303  \\$a29 av. Mac-Mahon, 75809 Paris cedex 17
=510  ||$5z$0Voir aussi$314054581$7ba0yba0y$8fre   $920 $aWarner jazz
=516  \\$5z$0A distribué : $313876334$7ba0yba0y$8fre   $9   $aMCA
=516  \\$5z$0A distribué : $313875506$7ba0yba0y$8fre   $9   $aFranceval
=516  \\$5z$0A distribué : $313878144$7ba0yba0y$8fre   $9   $aCurb
=516  \\$5z$0A distribué : $313875701$7ba0yba0y$8fre   $9   $aHansa
=516  \\$5z$0A distribué : $313850415$7ba0yba0y$8fre   $9   $aBronze
=516  \\$5z$0A distribué : $313875449$7ba0yba0y$8fre   $9   $aFlarenasch
=516  \\$5z$0A édité et distribué : $313875579$7ba0yba0y$8fre   $9   $aGeffen
=516  \\$5z$0Distribue : $315058385$7ba0yba0y$8fre   $9   $aOriginal Jazz Classics
=516  \\$5z$0Edite et distribue : $313936800$aWea-Ztt
=516  \\$5z$0Edite et distribue : $313878142$aWarner Bros
=516  \\$5z$0Edite et distribue : $313950242$aElektra-Chameleon
=516  \\$5z$0Edite et distribue : $314001249$7ba0yba0y$8fre   $9   $aTôt ou tard
=516  \\$5z$0Edite et distribue : $314049502$aDouble F double R
=516  \\$5z$0Edite et distribue : $313876190$aBirdology
=516  \\$5z$0Edite et distribue : $314044920$aBirds & blues records
=516  \\$5z$0Edite et distribue : $313955124$aWEA-Dune
=516  \\$5z$0Edite et distribue : $313955532$aWea-Reprise
=516  \\$5z$0Edite et distribue : $314047835$aWarner strategic marketing France
=516  \\$5z$0Edite et distribue : $313927042$aReprise-Duck
=516  \\$5z$0Edite et distribue : $313875418$aFFRR
=516  \\$5z$0Edite et distribue : $313874911$aContemporary
=516  \\$5z$0Edite et distribue : $313877056$aQwest
=516  \\$5z$0Edite et distribue : $313957370$aWea-Laetitia
=516  \\$5z$0Edite et distribue : $313875088$aWea-Bi Boon-M6
=516  \\$5z$0Edite et distribue : $313931966$aWEA-Cupecoy
=516  \\$5z$0Edite et distribue : $313878153$aWEA
=516  \\$5z$0Edite et distribue : $313874579$7ba0yba0y$8fre   $9   $aRiverside
=516  \\$5z$0Edite et distribue : $313933795$aWarner Bros-Lone Wolf
=516  \\$5z$0Edite et distribue : $313947010$aWEA-Cabo Verde
=516  \\$5z$0Edite et distribue : $313875243$aElektra
=516  \\$5z$0Edite et distribue : $313876997$aPrestige
=516  \\$5z$0Edite et distribue : $313947285$aWEA-Platform
=516  \\$5z$0Edite et distribue : $313878151$aWarner Bros-Paisley Park
=516  \\$5z$0Edite et distribue : $313873957$aSire-Maverick
=516  \\$5z$0Edite et distribue : $313873972$aMaverick
=516  \\$5z$0Edite et distribue : $313927106$7ba0yba0y$8fre   $9   $aReprise
=516  \\$5z$0Edite et distribue : $313878242$aZTT
=516  \\$5z$0Édite : $313875192$aEast West
=516  \\$5z$0Edite et distribue : $313927026$aWarner Bros-Sire
=516  \\$5z$0Edite et distribue : $313950165$aWEA-Saban
=516  \\$5z$0Edite et distribue : $313950166$aWEA-Celine
=516  \\$5z$0Edite et distribue : $313950167$aWEA-Posso
=516  \\$5z$0Edite et distribue : $313877436$aSire
=516  \\$5z$0Edite et distribue : $313950634$aWEA-Acdjr
=516  \\$5z$0Edite et distribue : $313951658$aWEA-Rozon
=516  \\$5z$0Edite et distribue : $313874707$aCGD
=516  \\$5z$0Édite : $313873765$aAtco
=516  \\$5z$0Edite et distribue : $313949540$aWarner Bros-Loka
=516  \\$5z$0Edite et distribue : $313955533$aWea-Azimuth
=516  \\$5z$0Edite et distribue : $313955535$aWEA-Royal River
=516  \\$5z$0Edite et distribue : $313876775$aPablo
=516  \\$5z$0Edite et distribue : $313873762$aAsylum records
=516  \\$5z$0Edite et distribue : $313875651$aWEA-Kondo
=516  \\$5z$0Edite et distribue : $313874943$aWEA-VK Productions & Major Chord
=516  \\$5z$0Edite et distribue : $313876131$aWEA-Sol en si
=516  \\$5z$0Edite et distribue : $313876135$aWEA-Tommy Boy
=516  \\$5z$0Edite et distribue : $313875510$aWEA-Nice fellow-WB
=516  \\$5z$0Edite et distribue : $313876306$aWEA-Warner Bros
=516  \\$5z$0Edite et distribue : $313876276$aWea-Productions Célébrités
=516  \\$5z$0Edite et distribue : $313957371$aWea-Telegram
=516  \\$5z$0Edite et distribue : $313876074$aWEA-Gilbert Coullier
=516  \\$5z$0Edite et distribue : $313877595$aMEPS
=516  \\$5z$0Edite et distribue : $313876414$aWEA-Hersen
=516  \\$5z$0Edite et distribue : $313877732$aWEA-Faisage
=516  \\$5z$0Edite et distribue : $313877630$aWEA-Pas sage
=516  \\$5z$0Édite : $313972733$aCarrère-East West-Distance
=516  \\$5z$0Edite et distribue : $313976506$aWea-Dig it international
=516  \\$5z$0Edite et distribue : $313977696$aWEA-Terrifik
=516  \\$5z$0Edite et distribue : $313978312$aWEA-Ciby 2000
=516  \\$5z$0Edite et distribue : $313980220$aWEA-Terrifik-VV
=516  \\$5z$0Edite et distribue : $313981460$aWEA-Square Prod
=516  \\$5z$0Edite et distribue : $313981492$aWEA-Give me 5
=516  \\$5z$0Edite et distribue : $313982800$aWEA-Mouche
=516  \\$5z$0Edite et distribue : $313984555$aWEA-Spectra
=516  \\$5z$0Édite : $313877299$7ba0yba0y$8fre   $9   $aEast West-CGD
=516  \\$5z$0Edite et distribue : $313990030$aWea-Multi Kulti Media
=516  \\$5z$0Édite : $313992156$a77 Productions-East West
=516  \\$5z$0Edite et distribue : $313992108$aWEA-Lazennec
=516  \\$5z$0Edite et distribue : $313994206$aSire-Hifi
=516  \\$5z$0Edite et distribue : $313994214$aWea-Sire-Hifi
=516  \\$5z$0Edite et distribue : $313996115$aJ B Feeling
=516  \\$5z$0Edite et distribue : $313998062$aWea-Extrapole
=516  \\$5z$0Edite et distribue : $313877183$aRestaurants du Coeur
=516  \\$5z$0Edite et distribue : $314020293$aRiverside-Original Blues Classics
=516  \\$5z$0Edite et distribue : $314020929$aIV my people
=516  \\$5z$0Edite et distribue : $314036296$aWarner music France
=516  \\$5z$0Edite et distribue : $314036779$aBirdolgy-Rhino-Milestone
=516  \\$5z$0Edite et distribue : $313971504$aWEA-Chlorophylle
=516  \\$5z$0Edite et distribue : $313970495$aWEA-Puzzle
=516  \\$5z$0Edite et distribue : $313971506$aWEA-Puzzle-Chlorophylle
=516  \\$5z$0Distribue : $313925647$aAtlantic-Titanium
=516  \\$5z$0Distribue : $313873965$aBlanco y negro
=516  \\$5z$0Distribue : $313877809$aTeldec
=516  \\$5z$0Distribue : $313873775$7ba0yba0y$8fre   $9   $aAtlantic
=516  \\$5z$0Distribue : $313877485$aSome Bizarre
=516  \\$5z$0Distribue : $313875768$aHot Tracks
=516  \\$5z$0Distribue : $313877885$aTouch of Gold
=516  \\$5z$0Distribue : $313875854$aIn the mix
=516  \\$5z$0Distribue : $313953561$aScorpio
=516  \\$5z$0Distribue : $313968287$aMascotte
=516  \\$5z$0Distribue : $313968290$aEmi-Mascotte
=516  \\$5z$0Distribue : $313985023$aScorpio-Edel-Regular
=516  \\$5z$0Distribue : $313998100$aBig Mix
=516  \\$5z$0Distribue : $313873643$7ba0yba0y$8fre   $9   $aMk2 music
=516  \\$5z$0Distribue : $313934820$7ba0yba0y$8fre   $9   $aHollywood records$f1989-....
=516  \\$5z$0Distribue : $313958015$aEarthBeat !
=516  \\$5z$0Distribue : $314014767$aMammoth
=516  \\$5z$0Distribue : $313928704$aTelstar
=516  \\$5z$0Distribue : $314054443$7ba0yba0y$8fre   $9   $aErato
=516  \\$5z$0Distribue : $314054585$7ba0yba0y$8fre   $9   $aWarner jazz France
=516  \\$5z$0Distribue : $313877095$7ba0yba0y$8fre   $9   $aUne musique
=516  \\$5z$0Distribue : $313981271$aEdel
=516  \\$5z$0Distribue : $314032981$aLocked on
=516  \\$5z$0Distribue : $314030500$aKoch records
=516  \\$5z$0Distribue : $314065880$aB-unique records
=516  \\$5z$0Distribue : $313996763$aZyx music
=516  \\$5z$0Distribue : $314065909$aLoma
=516  \\$5z$0Distribue : $313873667$aApache
=516  \\$5z$0Distribue : $313947286$aWEA-Apache
=516  \\$5z$0Distribue : $313938744$aErato-Libretto
=516  \\$5z$0Distribue : $313948528$aElektra-PWR
=516  \\$5z$0Distribue : $313958072$aReprise-Forceful
=516  \\$5z$0Distribue : $313873947$aPrestige-New Jazz
=516  \\$5z$0Distribue : $313875554$aGalaxy
=516  \\$5z$0Distribue : $313875919$7ba0yba0y$8fre   $9   $aJazzland$cAllemagne
=516  \\$5z$0Distribue : $313874022$aWea-Mvg
=516  \\$5z$0Distribue : $313874021$aWEA-Play it loud
=516  \\$5z$0Distribue : $313937871$aAtlantic-Lone Wolf
=516  \\$5z$0Distribue : $313937877$aAtlantic-Loud & Proud
=516  \\$5z$0Distribue : $313943730$aElektra-Pendulum
=516  \\$5z$0Distribue : $313875394$aFantasy
=516  \\$5z$0Distribue : $313948830$aEast West-Australian
=516  \\$5z$0Distribue : $313874710$aWEA-Torpedo
=516  \\$5z$0Distribue : $313874713$aReprise-Kalimba
=516  \\$5z$0Distribue : $313931373$aMusifrance
=516  \\$5z$0Distribue : $313932181$7ba0yba0y$8fre   $9   $aRhino
=516  \\$5z$0Distribue : $313930610$aWarner Bros-Rap
=516  \\$5z$0Distribue : $313878143$aWarner Bros-Cold Chillin'
=516  \\$5z$0Distribue : $313949495$aSelect$c1992-....
=516  \\$5z$0Distribue : $313877140$aReal
=516  \\$5z$0Distribue : $313875597$aWarner Bros-Capricorn
=516  \\$5z$0Distribue : $313875675$aWarner Bros-Reprise
=516  \\$5z$0Distribue : $313875013$aRhino-Atlantic Jazz
=516  \\$5z$0Distribue : $313876140$aElektra-Street know ledge
=516  \\$5z$0Distribue : $314020815$aZiriguiboom
=516  \\$5z$0Distribue : $314028234$aVik recordings
=516  \\$5z$0Distribue : $314034663$aIht Records
=516  \\$5z$0Distribue : $314038107$aNarada jazz
=516  \\$5z$0Distribue : $314038189$aWarner.esp
=516  \\$5z$0Distribue : $314038950$aRadar
=516  \\$5z$0Distribue : $314038985$aPum jazz band
=516  \\$5z$0Distribue : $314039046$aDream machine
=516  \\$5z$0Distribue : $313926986$aWarner Bros-Sire-Luaka Bop
=516  \\$5z$0Distribue : $313927020$aWarner Bros-Uptown
=516  \\$5z$0Distribue : $313947282$aReprise-Cold Chillin'
=516  \\$5z$0Distribue : $313952909$aDebut
=516  \\$5z$0Distribue : $313938485$aOrange blue
=516  \\$5z$0Distribue : $313875633$aElektra-Sub Pop
=516  \\$5z$0Distribue : $313875171$aDuck
=516  \\$5z$0Distribue : $313876370$aMegaforce Worldwide
=516  \\$5z$0Distribue : $313876776$aPablo Live
=516  \\$5z$0Distribue : $313930280$aWarner Bros-Sire-Rhyme Syndicate
=516  \\$5z$0Distribue : $313931347$aWEA-East West
=516  \\$5z$0Distribue : $313932567$aWarner Bros-Rap-Eternal
=516  \\$5z$0Distribue : $313934741$aWarner Bros-Grand Jury
=516  \\$5z$0Distribue : $313934753$aWEA-Australian
=516  \\$5z$0Distribue : $313936799$aWEA-Metronome
=516  \\$5z$0Distribue : $313938949$aWEA International
=516  \\$5z$0Distribue : $313947018$aMedley
=516  \\$5z$0Distribue : $313878150$aWarner Bros-Opal
=516  \\$5z$0Distribue : $313876405$aReprise-Giant Step
=516  \\$5z$0Distribue : $314033599$aNonsolo blue's
=516  \\$5z$0Distribue : $314039074$aRuffNation records
=516  \\$5z$0Distribue : $314028499$aBeat
=516  \\$5z$0Distribue : $314041373$aCoroner records
=516  \\$5z$0Distribue : $314028266$aFreakstreet
=516  \\$5z$0Distribue : $313954853$aLKJ
=516  \\$5z$0A distribué : $314043080$7ba0yba0y$8fre   $9   $a45 Scientific
=516  \\$5z$0Distribue : $314020922$aNouvelle donne music
=516  \\$5z$0Distribue : $314043691$aDivine mill
=516  \\$5z$0Distribue : $314043870$aElektra traditions
=516  \\$5z$0Distribue : $314043874$7ba0yba0y$8fre   $9   $aWarner Fonit
=516  \\$5z$0Distribue : $314030040$aStrictly rhythm UK
=516  \\$5z$0Distribue : $314044840$aTeldec new line
=516  \\$5z$0Distribue : $314047165$aCurb records
=516  \\$5z$0Distribue : $313875132$aWalt Disney records
=516  \\$5z$0Distribue : $314047836$aFrenetic
=516  \\$5z$0A distribué : $313874948$7ba0yba0y$8fre   $9   $aCrammed
=516  \\$5z$0Distribue : $314048885$aWarner strategic marketing United Kingdom
=516  \\$5z$0Distribue : $314066168$aNew line records
=516  \\$5z$0Distribue : $314066180$7ba0yba0y$8fre   $9   $aEvidence$f20..-....$cMarque finlandaise
=516  \\$5z$0Distribue : $313933789$aWarner Bros-Wilbury
=516  \\$5z$0Distribue : $313933984$aWarner Bros-Sire-Q Sound
=516  \\$5z$0Distribue : $313937915$aWarner Bros-Giant
=516  \\$5z$0Distribue : $313939172$aTeldec Classics
=516  \\$5z$0Distribue : $313942022$aWarner Bros-Tappan Zee
=516  \\$5z$0Distribue : $313876434$aMilestone
=516  \\$5z$0Distribue : $313946946$aMontreux Jazz Festival
=516  \\$5z$0Distribue : $313947019$aWarner Bros-Medley
=516  \\$5z$0Distribue : $313956222$aWarner Bros-Quinlan Road
=516  \\$5z$0Distribue : $313876465$aDo it
=516  \\$5z$0Distribue : $313971550$aChina-Equation
=516  \\$5z$0Distribue : $313971551$aWB-Unplugged
=516  \\$5z$0Distribue : $313877057$aReprise-Qwest
=516  \\$5z$0Distribue : $313947021$aWarner Bros-Giant-Big Beat
=516  \\$5z$0Distribue : $313947280$aElektra-Rush Artist
=516  \\$5z$0Distribue : $313947281$aSire-Reprise-Kinetic
=516  \\$5z$0Distribue : $313933802$aReprise-Giant
=516  \\$5z$0Distribue : $313875245$aElektra-Nonesuch
=516  \\$5z$0Distribue : $313947290$aWarner Bros-Sire-Blue Horizon Héritage
=516  \\$5z$0Distribue : $313947778$aWEA-Quinlan Road
=516  \\$5z$0Distribue : $313947787$aWEA-Orange Blue
=516  \\$5z$0Distribue : $313937691$aErato-Emeraude
=516  \\$5z$0Distribue : $313948579$aTeldec-Esprit
=516  \\$5z$0Distribue : $313948604$aReprise-Graphics
=516  \\$5z$0Distribue : $313931511$aNew Jazz
=516  \\$5z$0Distribue : $313948863$aPwr
=516  \\$5z$0Distribue : $313950243$aWarner Bros-GD
=516  \\$5z$0Distribue : $313950244$aWarner Bros-Sire-Maverick
=516  \\$5z$0Distribue : $313937132$aElektra-African Love
=516  \\$5z$0Distribue : $313950637$aREM-Athens
=516  \\$5z$0Distribue : $313878162$aWEA-Real
=516  \\$5z$0Distribue : $313929764$aElektra-FFF
=516  \\$5z$0Distribue : $313964750$aWEA-Korova
=516  \\$5z$0Distribue : $313951661$aWEA-Sire-Real
=516  \\$5z$0Distribue : $313952228$aWarner Bros-Luaka bop
=516  \\$5z$0Distribue : $313927112$aWarner Bros-Qwest
=516  \\$5z$0Distribue : $313953049$7ba0yba0y$8fre   $9   $aSolid
=516  \\$5z$0Distribue : $313953804$aSire-Blanco y Negro
=516  \\$5z$0Distribue : $313877174$aReprise-Full Moon
=516  \\$5z$0Distribue : $313877441$aSire-Reprise
=516  \\$5z$0Distribue : $313955529$aWea-Some Bizzare
=516  \\$5z$0Distribue : $313955531$aElektra-Keia
=516  \\$5z$0Distribue : $313955538$aRed Dot
=516  \\$5z$0Distribue : $313955539$aSire-Reprise-Maverick
=516  \\$5z$0Distribue : $313876055$aKorova
=516  \\$5z$0Distribue : $313876673$aNonesuch
=516  \\$5z$0Distribue : $313876788$aPaisley Park
=516  \\$5z$0Distribue : $313927021$aWea-pm
=516  \\$5z$0Distribue : $313927022$aWEA-Pra
=516  \\$5z$0Distribue : $313955846$aWarner Bros-Sire-I Square
=516  \\$5z$0Distribue : $313878146$aWarner Bros-Full Moon
=516  \\$5z$0Distribue : $313957572$aTeldec Historic
=516  \\$5z$0Distribue : $313957575$aWarner Bros-Mtv-Stiefel Phillips
=516  \\$5z$0Distribue : $313957594$aReprise-MTV
=516  \\$5z$0Distribue : $313876933$aWEA-Telegram-MVG
=516  \\$5z$0Distribue : $313965018$aElektra-Asylum
=516  \\$5z$0Distribue : $313968220$aWB-Western
=516  \\$5z$0Distribue : $313966128$aWea-Mvg-Telegraph
=516  \\$5z$0Distribue : $313874752$aChina
=516  \\$5z$0Distribue : $313877616$aChina-Psycho
=516  \\$5z$0Distribue : $313877627$aElektra-Mötley
=516  \\$5z$0Distribue : $313876777$aPablo Today
=516  \\$5z$0Distribue : $313875436$aFinlandia
=516  \\$5z$0Distribue : $313873779$aAtlantic Jazz
=516  \\$5z$0Distribue : $313970497$aReprise-Qwest-Joke
=516  \\$5z$0Distribue : $313875244$aElektra-Musician
=516  \\$5z$0Distribue : $313875349$aEternal
=516  \\$5z$0Distribue : $313927107$aAtlantic-Anthem
=516  \\$5z$0Distribue : $313971561$aWEA-Spacejunk
=516  \\$5z$0Distribue : $313974661$aWarner Music Netherlands
=516  \\$5z$0Distribue : $313975042$aEast West-MVG
=516  \\$5z$0Distribue : $313975360$aElektra-Swell
=516  \\$5z$0Distribue : $313975363$aSire-Maverick-Lifestyles
=516  \\$5z$0Distribue : $313975365$aEmbryo
=516  \\$5z$0Distribue : $313976390$aWB-Graphics
=516  \\$5z$0Distribue : $313976590$aWEA-N Gram
=516  \\$5z$0Distribue : $313977305$aAtlantic-Celtic Heartbeat
=516  \\$5z$0Distribue : $313875129$aDiscovery
=516  \\$5z$0Distribue : $313876552$aMusicraft
=516  \\$5z$0Distribue : $313977699$aDownbeat
=516  \\$5z$0Distribue : $313977701$aWB-Archives
=516  \\$5z$0Distribue : $313977702$aReprise Archives
=516  \\$5z$0Distribue : $313875640$aGood time jazz
=516  \\$5z$0Distribue : $313978307$aMaverick-Reprise
=516  \\$5z$0Distribue : $313978313$aSquint
=516  \\$5z$0Distribue : $313980213$aMaad-Dance Syndicate
=516  \\$5z$0Distribue : $313980214$aWB-Maverick
=516  \\$5z$0Distribue : $313980222$aNonesuch-Roxbury
=516  \\$5z$0Distribue : $313980227$aWEA-Dig it International-Eternal
=516  \\$5z$0Distribue : $313980228$aWB-Upstairs
=516  \\$5z$0Distribue : $313980301$aRiverside-Original Jazz Classics
=516  \\$5z$0Distribue : $313980302$aJazzland-Original Jazz Classics Limited Edition Series
=516  \\$5z$0Distribue : $313980303$aContemporary-Original Jazz Classics Limited Edition Series
=516  \\$5z$0Distribue : $313981404$aWB-Metal Blade
=516  \\$5z$0Distribue : $313981461$aWEA-Club Culture
=516  \\$5z$0Distribue : $313982678$aWarner Bros-Nonesuch
=516  \\$5z$0Distribue : $313954023$aSub Pop
=516  \\$5z$0Distribue : $313982682$aWEA-Warner Music Brasil
=516  \\$5z$0Distribue : $313982766$aWarner Bros-Malpaso
=516  \\$5z$0A distribué : $313876369$7ba0yba0y$8fre   $9   $aMega$cDanemark
=516  \\$5z$0Distribue : $313984393$aDownbeat jungle
=516  \\$5z$0Distribue : $313984524$aMega-Smart
=516  \\$5z$0Distribue : $313984556$aWarner Bros-NPG
=516  \\$5z$0Distribue : $313984558$aElektra-Wu Tang
=516  \\$5z$0Distribue : $313984560$aWEA-Roslan Aziz
=516  \\$5z$0Distribue : $313947179$aSwe Mix
=516  \\$5z$0Distribue : $313988568$aNew Jazz-Original Jazz Classics
=516  \\$5z$0Distribue : $313988569$aWEA-Eternal
=516  \\$5z$0Distribue : $313988661$aDali
=516  \\$5z$0Distribue : $313988662$aMagneoton
=516  \\$5z$0Distribue : $313988663$aRed Hot-Kinetic
=516  \\$5z$0Distribue : $313989573$aWea-Ferocious
=516  \\$5z$0Distribue : $313989581$aPremeditated
=516  \\$5z$0Distribue : $313989603$aClub Culture
=516  \\$5z$0Distribue : $313989680$aStax-Enterprise
=516  \\$5z$0Distribue : $313989739$aPremeditated-Iceberg
=516  \\$5z$0Distribue : $313948157$aWea-ufo
=516  \\$5z$0Distribue : $313989747$aWarner Bros-Curb
=516  \\$5z$0Distribue : $313989779$aFrance 3 Music
=516  \\$5z$0Distribue : $313989933$aDig it international
=516  \\$5z$0Distribue : $313991125$aElektra-Sire-Hifi
=516  \\$5z$0Distribue : $313992107$aElektra-Violator-Flipmode
=516  \\$5z$0Distribue : $313992160$aBlack music ol'skool
=516  \\$5z$0Distribue : $313992842$aUmd
=516  \\$5z$0Distribue : $313992885$aWB-Tattoo
=516  \\$5z$0Distribue : $313994200$aElektra-Marvelous
=516  \\$5z$0Distribue : $313995678$aWB-Quilombo
=516  \\$5z$0Distribue : $313995679$aContemporary-Original Jazz Classics XXXXX
=516  \\$5z$0Distribue : $313995681$aPablo Today-Original Jazz Classics
=516  \\$5z$0Distribue : $313995687$aTag-Igloo
=516  \\$5z$0Distribue : $313995692$aAtlantic-Be!
=516  \\$5z$0Distribue : $313996112$aWEA-Downbeat
=516  \\$5z$0Distribue : $313996119$aVapor
=516  \\$5z$0Distribue : $313996120$aWB-Black music-ol'skool
=516  \\$5z$0Distribue : $313996143$aDifferent Drummer
=516  \\$5z$0Distribue : $313998110$aWarner Bros-Imago
=516  \\$5z$0Distribue : $313998131$aWEA-Swe Mix
=516  \\$5z$0Distribue : $313999132$aFace Value
=516  \\$5z$0Distribue : $314001933$aEternal Blanco Y Negro
=516  \\$5z$0Distribue : $314002440$aTelegram
=516  \\$5z$0Distribue : $314002473$aDebut-Jazz workshop
=516  \\$5z$0Distribue : $313925526$aStarvision
=516  \\$5z$0Distribue : $314002539$aEye of the storm
=516  \\$5z$0Distribue : $313970581$aMaad
=516  \\$5z$0Distribue : $313999097$aWarner Sunset
=516  \\$5z$0Distribue : $314004689$aWarner Bros-Sunset
=516  \\$5z$0Distribue : $314006391$aWarner Bros-Ra Records
=516  \\$5z$0Distribue : $314010336$aCarton rouge
=516  \\$5z$0Distribue : $314012645$aIndochina
=516  \\$5z$0Distribue : $314012648$aErato Detour
=516  \\$5z$0Distribue : $314013055$aFilter
=516  \\$5z$0Distribue : $314013559$aBruto
=516  \\$5z$0Distribue : $314014759$aNlon
=516  \\$5z$0Distribue : $313877105$aDorado
=516  \\$5z$0Distribue : $314019994$aAtrium
=516  \\$5z$0Distribue : $314020954$aMultiply
=516  \\$5z$0Distribue : $314024366$aJuste pour rire
=516  \\$5z$0Distribue : $313877562$aStax
=516  \\$5z$0Distribue : $313956055$aBluesville
=516  \\$5z$0Distribue : $314025157$7ba0yba0y$8fre   $9   $aWarner Classics
=516  \\$5z$0Distribue : $314026847$aViolator
=516  \\$5z$0Distribue : $314026904$aFlashback
=516  \\$5z$0Distribue : $314026929$aEssential recordings
=516  \\$5z$0Distribue : $314026945$aElektra-Squint
=516  \\$5z$0Distribue : $314028033$aBGP
=516  \\$5z$0Distribue : $314028506$aAhí-Namá
=516  \\$5z$0Distribue : $314029432$aFutureFlex
=516  \\$5z$0Distribue : $313877985$aVanguard
=516  \\$5z$0Distribue : $314029597$aFour faces communications
=516  \\$5z$0Distribue : $314029598$aRiverside-Fantasy
=516  \\$5z$0Distribue : $314029600$aPrestige-Fantasy
=516  \\$5z$0Distribue : $314029601$aPablo-Prestige
=516  \\$5z$0Distribue : $314031550$aSwingville
=516  \\$5z$0Distribue : $314033407$aEternal-4 play
=516  \\$5z$0Distribue : $314025963$aRythmix
=516  \\$5z$0Distribue : $314033493$a360 records-WEA
=516  \\$5z$0Distribue : $314033496$aMilkk records-WEA
=516  \\$5z$0Distribue : $314033509$aWarner Sunset-Atlantic
=516  \\$5z$0Distribue : $314033597$aDeep culture-Vivienne records
=516  \\$5z$0Distribue : $314034683$aFfrr-Public demand
=516  \\$5z$0Distribue : $314034693$aLibertine-East West
=801  \\$aFR$bFR-751131015$c20181030
=810  \\$aMusique info hebdo, n °155, 2001-02-16
=856  \\$uhttp://www.warnermusic.fr$e2017-03-30

