=LDR  00675cx  a2200193   45  
=001  FRBNF142236392
=003  http://catalogue.bnf.fr/ark:/12148/cb14223639w
=005  20090525
=010  \\$a0000000060232891$2VIAF$d20130801
=100  \\$a20030310afrey50      ba0
=102  \\$aFR
=103  \\$a 19..               
=105  \\$ai
=106  \\$a1  
=120  \\$ab
=200  \|$7ba0yba0y$8fre   $9 0 $aSaint-Père$bArnaud
=300  0\$aComédien
=801  \\$aFR$bFR-751131015$c20090525
=810  \\$aDracula [Enregistrement sonore] / Bram Stocker, aut. ; Arnaud Saint-Pères. Livraphone$aDracula [Enregistrement sonore] / Bram Stocker, aut. ; Arnaud Saint Père. Livraphone LIV 207M (2009-05-25)

