=LDR  01940cx  l2200349   45  
=001  FRBNF119750860
=003  http://catalogue.bnf.fr/ark:/12148/cb119750862
=005  20130215
=039  \\$oOPL$a002110342
=100  \\$a19850620afrey50      ba0
=106  \\$a211
=152  \\$brameau$c2
=180  \\$ab
=280  \0$7ba0yba0y$8fre   $9   $aThéâtre radiophonique
=305  1\$aVoir aussi les vedettes du type Théâtre radiophonique [adjectif de langue, de nationalité ou géographique]
=305  1\$aVoir aussi la subdivision de forme Adaptations radiophoniques aux littératures, personnes et titres
=330  \\$aSous cette vedette, on trouve les recueils de pièces radiophoniques de divers pays ou en diverses langues
=480  \0$7ba0yba0y$8fre   $9  2$aAudiodrames
=480  \0$7ba0yba0y$8fre   $9   $aDramatiques radiophoniques
=480  \0$7ba0yba0y$8fre   $9   $aPièces radiophoniques
=480  \0$7ba0yba0y$8fre   $9   $aRadio$xÉmissions dramatiques
=550  \\$5z$0Voir aussi$312377120$7ba0yba0y$8fre   $9   $aAdaptations radiophoniques
=550  \\$5z$0Voir aussi$312214966$7ba0yba0y$8fre   $9   $aRadio et littérature
=550  \\$5g$313318434$7ba0yba0y$8fre   $9   $aRadio$xÉmissions
=580  \0$5g$311939701$7ba0yba0y$8fre   $9   $aThéâtre (genre littéraire)
=686  \\$a791$cAudiovisuel$2Note de regroupement par domaine
=686  \\$a801$cPoésie$2Note de regroupement par domaine
=801  \\$aFR$bFR-751131015$c20130215
=810  \\$aEncycl. universalis (art. : Allemand, théâtre) - http://www.universalis-edu.com (2013-02-11)
=810  \\$aDict. des arts du spectacle / C. Giteau, 1970$aDict. encyclopédique du théâtre / M. Corvin, 1998$aRadio mystères : le théâtre radiophonique policier, fantastique et de science-fiction / J. Baudou, 1997
=822  1\$aRadio plays$2LCSH$uhttp://id.loc.gov/authorities/subjects/sh85110529$d2017-02-09
=856  \\$uhttp://www.universalis-edu.com$e2013-02-11

