=LDR  01314cx  b2200313   45  
=001  FRBNF135586182
=003  http://catalogue.bnf.fr/ark:/12148/cb135586184
=005  20201116
=010  \\$a0000000119412476$2ISNI$d20150313
=039  \\$oOPL$a014956777
=039  \\$oOPP$a14708945$d20140220
=100  \\$a20000529afrey50      ba0
=101  \\$afre
=102  \\$aFR
=103  \\$a 1911               
=105  \\$ci$aa
=106  \\$a010
=150  \\$ay$bl1  
=210  ||$7ba0yba0y$8fre   $920 $aImprimerie A. Karcher
=300  |\$aFondée en 1911 par deux frères alsaciens, Jules et Alfred Karcher, au 23, rue Bichat, 75010, Paris. - Imprime essentiellement des affiches
=303  \\$a13 rue des Gardinoux, 93300 Aubervilliers
=410  ||$7ba0yba0y$8fre   $9   $aImprimerie A. Karcher$cAubervilliers, Seine-Saint-Denis
=410  ||$7ba0yba0y$8fre   $9   $aKarcher$cAubervilliers, Seine-Saint-Denis
=410  ||$7ba0yba0y$8fre   $9   $aImprimerie Karcher$cAubervilliers, Seine-Saint-Denis
=415  \\$7ba0yba0y$8fre   $9   $aAubervilliers (Saint-Saint-Denis)$xImprimerie A. Karcher
=686  \\$a020$cSciences de l'information$2Note de regroupement par domaine
=801  \\$aFR$bFR-751131015$c20201116
=810  \\$aMémoire de la rue : souvenirs d'un imprimeur et d'un afficheur, 1986
=810  \\$aKompass 1995

