=LDR  00889cx  a2200217   45  
=001  FRBNF144730265
=003  http://catalogue.bnf.fr/ark:/12148/cb144730268
=005  20040325
=010  \\$a0000000048947827$2VIAF$d20130801
=100  \\$a20030516afrey50      ba0
=101  \\$afre
=102  \\$aFR
=103  \\$a 19..      ....     
=105  \\$aa
=106  \\$a1  
=120  \\$aa
=200  \|$7ba0yba0y$8fre   $9 0 $aCassou-Noguès$bAnne
=300  0\$aAgrégée de lettres modernes. - Professeur au Lycée Charles-le-Chauve de Roissy-en-Brie, Seine-et-Marne (en 2004)
=400  \|$7ba0yba0y$8fre   $9   $aNoguès$bAnne Cassou-
=801  \\$aFR$bFR-751131015$c20040325
=810  \\$aLa controverse de Valladolid / Jean-Claude Carrière ; présentation, notes, chronologie et dossier par Anne Cassou-Noguès et Marie-Aude de Langenhagen, 2003$aRacine / Anne Cassou-Noguès, Marie-Aude de Langenhagen, 2004

