=LDR  00955cx  a2200205   45  
=001  FRBNF144730272
=003  http://catalogue.bnf.fr/ark:/12148/cb14473027m
=005  20130801
=010  \\$a0000000383167553$2ISNI$d20150313
=100  \\$a20030516afrey50      ba0
=101  \\$afre
=102  \\$aFR
=103  \\$a 19750628           
=105  \\$aa
=106  \\$a1  
=120  \\$aa
=200  \|$7ba0yba0y$8fre   $9 0 $aLangenhagen$bMarie-Aude de$f1975-....
=300  0\$aNormalienne et agrégée de lettres modernes. - Professeur au Lycée François Couperin de Fontainebleau, Seine-et-Marne (en 2004). - Enseignante en classes préparatoires au lycée la Martinière Montplaisir à Lyon (en 210)
=801  \\$aFR$bFR-751131015$c20130801
=810  \\$aLa controverse de Valladolid / Jean-Claude Carrière ; présentation, notes, chronologie et dossier par Anne Cassou-Noguès et Marie-Aude de Langenhagen, 2003$aRacine / Anne Cassou-Noguès, Marie-Aude de Langenhagen, 2004

