=LDR  00736cx  a2200229   45  
=001  FRBNF119164025
=003  http://catalogue.bnf.fr/ark:/12148/cb119164029
=005  20150504
=010  \\$a000000012122217X$2VIAF$d20131024
=039  \\$oOPL$a001130388
=039  \\$oOPP$a16817579$d20150504
=100  \\$a19771108afrey50      ba0
=101  \\$afre$tger$teng
=102  \\$aFR
=103  \\$a 19421215           
=105  \\$aa$ai
=106  \\$a1  
=200  \|$7ba0yba0y$8fre   $9 0 $aMoissard$bBoris$f1942-....
=300  0\$aEcrivain, traducteur. - Pseudonyme de Jean-Jacques Ably
=801  \\$aFR$bFR-751131015$c20150504
=810  \\$aL'Enfant pourri / Boris Moissard, 1988
=810  \\$aGuide des auteurs du livre de jeunesse français, 1989, p. 153

