=LDR  01419cx  b2200337   45  
=001  FRBNF131676426
=003  http://catalogue.bnf.fr/ark:/12148/cb131676428
=005  20070607
=010  \\$a0000000121913894$2VIAF$d20130730
=039  \\$oOPL$a013415594
=039  \\$oOPP$a13881066$d20070607
=039  \\$oOPP$a14281563$d20170731
=100  \\$a19970908afrey50      ba0
=101  \\$aeng
=102  \\$aGB
=105  \\$ca$dh$aa
=106  \\$a010
=150  \\$ay$bc4  
=152  \\$c2
=210  ||$7ba0yba0y$8fre   $920 $aHammer Film Productions
=300  |\$aSociété de production cinématographique britannique fondée par William Hammer en 1934 (Hammer Productions ltd.). En 1948, se met en place la Hammer Films. Spécialisée dans les films fantastiques, sous l'impulsion de Terence Fisher, elle deviendra la plus importante des compagnies de production britanniques
=410  ||$7ba0yba0y$8fre   $9   $aHammer
=410  ||$7ba0yba0y$8fre   $9   $aHammer Films
=410  ||$7ba0yba0y$8fre   $9   $aHammer Productions ltd.
=410  ||$7ba0yba0y$8fre   $9   $aStudios Hammer
=550  \\$5g$313167644$7ba0yba0y$8fre   $9   $aSociétés de production de cinéma$yGrande-Bretagne
=686  \\$a791$cAudiovisuel$2Note de regroupement par domaine
=801  \\$aFR$bFR-751131015$c20070607
=810  \\$aLC Names (CD), 1996-03
=810  \\$aDict. du ciné. / dir. Passek, 1995
=815  \\$aBN ACO (en ligne), 1997-09-08

