=LDR  01350cx  b2200385   45  
=001  FRBNF119416280
=003  http://catalogue.bnf.fr/ark:/12148/cb11941628z
=005  20161206
=039  \\$oOPL$a001651156
=039  \\$oOPL$a005172356
=039  \\$oOPP$a14278413$d20140428
=039  \\$oOPP$a11585662$d20140428
=039  \\$oOPP$a12745242$d20161206
=039  \\$oOPP$a13130500$d20151123
=039  \\$oOPP$a13130501$d20151123
=100  \\$a19810901afrey50      ba0
=101  \\$aeng
=102  \\$aUS
=103  \\$a 1927               
=105  \\$ca
=106  \\$a010
=150  \\$ay$bc9  
=152  \\$c2
=210  ||$7ba0yba0y$8fre   $920 $aColumbia broadcasting system
=300  |\$aGroupe américain de radiotélévision. - Lancement : 18 septembre 1927 (radio), 1er juillet 1941 (télévision)
=303  \\$a51 W. 52nd Street, New York NY 10019-6188
=410  ||$7ba0yba0y$8fre   $9   $aCBS
=540  \\$5h$311957806$tDallas (série télévisée)
=540  \\$5h$316174976$tThe Ed Sullivan show (émission télévisée)
=540  \\$5h$312314256$tGunsmoke (série radiophonique)
=540  \\$5h$316601461$tOne world fight (émission radiophonique)
=540  \\$5h$314414343$tLet's pretend (émission radiophonique)
=801  \\$aFR$bFR-751131015$c20161206
=810  \\$aLCNA 1977-1986
=856  \\$uhttp://www.cbs.com/$e2014-04-28

