=LDR  00644cx  a2200193   45  
=001  FRBNF13939901X
=003  http://catalogue.bnf.fr/ark:/12148/cb13939901r
=005  20140313
=039  \\$oOPP$a14687700$d20090519
=100  \\$a19910628afrey50      ba0
=102  \\$aFR
=103  \\$a 19..               
=105  \\$ai
=106  \\$a010
=120  \\$ab
=200  \|$7ba0yba0y$8fre   $9 0 $aLeclerc$bThierry
=300  |\$aActeur et chanteur
=801  \\$aFR$bFR-751131015$c20140313
=810  \\$aLe voyageur imprudent [ Enregistrement sonore] / René Barjavel, aut. ; Eric Dufay, Thierry Leclerc, Sophie Lahayville, Pierre Val... [et al.], voix. Livraphone LIV212

