=LDR  00867cx  a2200229   45  
=001  FRBNF146740087
=003  http://catalogue.bnf.fr/ark:/12148/cb14674008x
=005  20101019
=010  \\$a0000000003194585$2VIAF$d20130802
=039  \\$oOPP$a14088520$d20090624
=100  \\$a20050825afrey50      ba0
=102  \\$aFR
=103  \\$a 19..               
=105  \\$aa$ac$ap
=106  \\$a1  
=120  \\$aa
=200  \|$7ba0yba0y$8fre   $9 0 $aColladant$bDominique
=300  0\$aMetteur en scène de théâtre et costumier. - Accessoiriste spécialiste des effets spéciaux
=801  \\$aFR$bFR-751131015$c20101019
=810  \\$aStratégies vidéo [Images animées]. Partie 4, Du 15 au 29 février 1988 / [Dominique Colladant, ... et al., réalisateur], 1988
=810  \\$aThe Internet movie databse - http://www.imdb.com (2009-06-24)
=856  \\$uhttp://www.imdb.com$e2009-06-24

