=LDR  06068cx  l2201021   45  
=001  FRBNF119310195
=003  http://catalogue.bnf.fr/ark:/12148/cb119310194
=005  20220909
=039  \\$oOPL$a001515786
=039  \\$oOPL$a010284218
=039  \\$oOPP$a12398690$d20220909
=100  \\$a19840426afrey50      ba0
=106  \\$a201
=152  \\$brameau$c2
=180  \\$aa
=280  \0$7ba0yba0y$8fre   $9   $aBandes dessinées
=330  \\$aS'emploie également en subdivision
=480  \0$7ba0yba0y$8fre   $9   $a9e art
=480  \0$7ba0yba0y$8fre   $9   $aBande dessinée
=480  \0$7ba0yba0y$8fre   $9   $aBandes illustrées
=480  \0$7ba0yba0y$8fre   $9   $aBD
=480  \0$7ba0yba0y$8fre   $9   $aBédé
=480  \0$7ba0yba0y$8fre   $9   $aCahiers, chroniques, etc.$xBandes dessinées
=480  \0$7ba0yba0y$8fre   $9   $aCartoons
=480  \0$7ba0yba0y$8fre   $9   $aComic books
=480  \0$7ba0yba0y$8fre   $9   $aContribution à la bande dessinée
=480  \0$7ba0yba0y$8fre   $9   $aEt la bande dessinée
=480  \0$7ba0yba0y$8fre   $9   $aEt les bandes dessinées
=480  \0$7ba0yba0y$8fre   $9   $aNeuvième art
=480  \0$7ba0yba0y$8fre   $9   $aRécit dessiné
=550  \\$5z$0Voir aussi$317928992$7ba0yba0y$8fre   $9   $aAdaptations en bandes dessinées
=550  \\$5z$0Voir aussi$316753537$7ba0yba0y$8fre   $9   $aBandes dessinées$xTechnique
=550  \\$5z$0Voir aussi$312214390$7ba0yba0y$8fre   $9   $aBandes dessinées et adolescents
=550  \\$5z$0Voir aussi$311939310$7ba0yba0y$8fre   $9   $aBandes dessinées et enfants
=550  \\$5z$0Voir aussi$312384423$7ba0yba0y$8fre   $9   $aCinéma et bandes dessinées
=550  \\$5z$0Voir aussi$316242227$7ba0yba0y$8fre   $9   $aDans les bandes dessinées
=550  \\$5z$0Voir aussi$312154401$7ba0yba0y$8fre   $9   $aDessinateurs de bandes dessinées
=550  \\$5z$0Voir aussi$313505616$7ba0yba0y$8fre   $9   $aDroit d'auteur$xBandes dessinées
=550  \\$5z$0Voir aussi$313178089$7ba0yba0y$8fre   $9   $aFestivals de bandes dessinées
=550  \\$5z$0Voir aussi$316948594$7ba0yba0y$8fre   $9   $aFigurines de bandes dessinées
=550  \\$5z$0Voir aussi$312398689$7ba0yba0y$8fre   $9   $aBandes dessinées$xDans la presse
=550  \\$5z$0Voir aussi$312228671$7ba0yba0y$8fre   $9   $aPersonnages de bandes dessinées, dessins animés, etc.
=550  \\$5z$0Voir aussi$312262236$7ba0yba0y$8fre   $9   $aScénaristes de bandes dessinées
=550  \\$5z$0Voir aussi$312084977$7ba0yba0y$8fre   $9   $aSémiotique et bandes dessinées
=550  \\$5h$312009570$7ba0yba0y$8fre   $9   $aBandes dessinées en éducation
=550  \\$5g$312144912$7ba0yba0y$8fre   $9   $aChroniques artistiques
=550  \\$5g$311936223$7ba0yba0y$8fre   $9   $aDessin
=550  \\$5g$311933015$7ba0yba0y$8fre   $9   $aParalittérature
=580  \0$5z$0Voir aussi$311947583$7ba0yba0y$8fre   $9   $aFanzines
=580  \0$5z$0Voir aussi$317056806$7ba0yba0y$8fre   $9   $aMooks
=580  \0$5h$316741791$7ba0yba0y$8fre   $9   $aBandes dessinées autobiographiques
=580  \0$5h$316741802$7ba0yba0y$8fre   $9   $aBandes dessinées biographiques
=580  \0$5h$317740503$7ba0yba0y$8fre   $9   $aBandes dessinées chrétiennes
=580  \0$5h$316998689$7ba0yba0y$8fre   $9   $aBandes dessinées d'aventures
=580  \0$5h$318017005$7ba0yba0y$8fre   $9   $aBandes dessinées d'épouvante
=580  \0$5h$316742576$7ba0yba0y$8fre   $9   $aBandes dessinées de fantasy
=580  \0$5h$317867476$7ba0yba0y$8fre   $9   $aBandes dessinées de guerre
=580  \0$5h$312478770$7ba0yba0y$8fre   $9   $aBandes dessinées de poche
=580  \0$5h$316678073$7ba0yba0y$8fre   $9   $aBandes dessinées de reportage
=580  \0$5h$316555397$7ba0yba0y$8fre   $9   $aBandes dessinées de science-fiction
=580  \0$5h$317865914$7ba0yba0y$8fre   $9   $aBandes dessinées de thriller
=580  \0$5h$311982431$7ba0yba0y$8fre   $9   $aBandes dessinées de western
=580  \0$5h$317104035$7ba0yba0y$8fre   $9   $aBandes dessinées documentaires
=580  \0$5h$312262211$7ba0yba0y$8fre   $9   $aBandes dessinées érotiques
=580  \0$5h$316555383$7ba0yba0y$8fre   $9   $aBandes dessinées fantastiques
=580  \0$5h$316588001$7ba0yba0y$8fre   $9   $aBandes dessinées historiques
=580  \0$5h$316555361$7ba0yba0y$8fre   $9   $aBandes dessinées humoristiques
=580  \0$5h$317924093$7ba0yba0y$8fre   $9   $aBandes dessinées muettes
=580  \0$5h$312537944$7ba0yba0y$8fre   $9   $aBandes dessinées policières
=580  \0$5h$317706141$7ba0yba0y$8fre   $9   $aBandes dessinées sentimentales
=580  \0$5h$316742857$7ba0yba0y$8fre   $9   $aBandes dessinées steampunk
=580  \0$5h$315792849$7ba0yba0y$8fre   $9   $aBandes dessinées sur le web
=580  \0$5h$312262220$7ba0yba0y$8fre   $9   $aBandes dessinées underground
=580  \0$5h$317150517$7ba0yba0y$8freeng$9   $aComics
=580  \0$5h$312464282$7ba0yba0y$8fre   $9   $aMangas
=580  \0$5h$317009709$7ba0yba0y$8fre   $9   $aManhuas
=580  \0$5h$317027060$7ba0yba0y$8fre   $9   $aManhwas
=580  \0$5h$315618998$7ba0yba0y$8fre   $9   $aRomans graphiques
=580  \0$5g$313318510$7ba0yba0y$8fre   $9   $aLivres illustrés
=686  \\$a020$cSciences de l'information$2Note de regroupement par domaine
=686  \\$a740$cDessin, arts décoratifs, artisanat d'art$2Note de regroupement par domaine
=686  \\$a801$cPoésie$2Note de regroupement par domaine
=801  \\$aFR$bFR-751131015$c20220909
=810  \\$aGrand Larousse de la langue française$aGrand Robert de la langue française, 2001$aEncycl. universalis - http://www.universalis-edu.com (2016-12-22)
=810  \\$aDict. mondial de la bande dessinée / P. Gaumer, C. Moliterni, 1994$aEncycl. des bandes dessinées / M. Alessandrini, 1986
=822  12$aComic books, strips, etc.$2LCSH$uhttp://id.loc.gov/authorities/subjects/sh85028863$d2022-05-30
=822  12$aBandes dessinées$2RVMLaval$d2022-05-30
=856  \\$uhttp://www.universalis-edu.com$e2016-12-22

