=LDR  04613cx  l2200841   45  
=001  FRBNF119357647
=003  http://catalogue.bnf.fr/ark:/12148/cb11935764v
=005  20220420
=039  \\$oOPL$a001573782
=039  \\$oOPL$a001790501
=039  \\$oOPP$a11951987$d20210406
=039  \\$oOPP$a17913309$d20220420
=100  \\$a19850529afrey50      ba0
=106  \\$a201
=152  \\$brameau$c2
=180  \\$ab
=280  \0$7ba0yba0y$8fre   $9   $aBiographie
=300  1\$aRelation des événements particuliers de la vie d'une personne et genre littéraire qui a pour objet la relation de ces sortes de faits
=330  \\$aS'emploie également en subdivision
=480  \0$7ba0yba0y$8fre   $9   $aBiographie (genre littéraire)
=480  \0$7ba0yba0y$8fre   $9   $aBiographie littéraire
=480  \0$7ba0yba0y$8fre   $9   $aBiographies
=480  \0$7ba0yba0y$8fre   $9   $aBiographies collectives
=480  \0$7ba0yba0y$8fre   $9   $aBiographies historiques
=480  \0$7ba0yba0y$8fre   $9   $aÉcriture biographique
=480  \0$7ba0yba0y$8fre   $9   $aHistoires de vie (biographies)
=480  \0$7ba0yba0y$8fre   $9   $aNotices biographiques
=480  \0$7ba0yba0y$8fre   $9   $aOeuvre biographique
=480  \0$7ba0yba0y$8fre   $9   $aOeuvres$xBiographies
=480  \0$7ba0yba0y$8fre   $9   $aOeuvres biographiques
=480  \0$7ba0yba0y$8fre   $9   $aRécit biographique
=480  \0$7ba0yba0y$8fre   $9   $aRécit de vie
=480  \0$7ba0yba0y$8fre   $9   $aRécits biographiques
=480  \0$7ba0yba0y$8fre   $9   $aRécits de vie
=550  \\$5z$0Voir aussi$311943979$7ba0yba0y$8fre   $9   $aBiographes
=550  \\$5z$0Voir aussi$311967826$7ba0yba0y$8fre   $9   $aBiographie$xMéthodologie
=550  \\$5z$0Voir aussi$311934650$7ba0yba0y$8fre   $9   $aGénéalogie
=550  \\$5z$0Voir aussi$313339177$7ba0yba0y$8fre   $9   $aHistoires de vie
=550  \\$5h$315919705$7ba0yba0y$8fre   $9   $aBiographie imaginaire
=550  \\$5h$311941446$7ba0yba0y$8fre   $9   $aÉpitaphes
=550  \\$5h$311948106$7ba0yba0y$8fre   $9   $aHagiographie
=550  \\$5g$311934444$7ba0yba0y$8fre   $9   $aHistoire
=580  \0$5z$0Voir aussi$311972974$7ba0yba0y$8fre   $9   $aAnecdotes
=580  \0$5z$0Voir aussi$311960063$7ba0yba0y$8fre   $9   $aAutobiographie
=580  \0$5z$0Voir aussi$313319098$7ba0yba0y$8fre   $9   $aBiographie$xSources
=580  \0$5z$0Voir aussi$311932842$7ba0yba0y$8fre   $9   $aPortraits$xgenre littéraire
=580  \0$5z$0Voir aussi$311976851$7ba0yba0y$8fre   $9   $aRécits personnels
=580  \0$5h$316741802$7ba0yba0y$8fre   $9   $aBandes dessinées biographiques
=580  \0$5h$311976253$7ba0yba0y$8fre   $9   $aBiobibliographie
=580  \0$5h$316178421$7ba0yba0y$8fre   $9   $aBiographie$z1500-1800
=580  \0$5h$312393273$7ba0yba0y$8fre   $9   $aBiographie$z19e siècle
=580  \0$5h$311959594$7ba0yba0y$8fre   $9   $aBiographie$z20e siècle
=580  \0$5h$316177725$7ba0yba0y$8fre   $9   $aBiographie$z1990-....
=580  \0$5h$312090673$7ba0yba0y$8fre   $9   $aBiographie antique
=580  \0$5h$311935765$7ba0yba0y$8fre   $9   $aBiographie médiévale
=580  \0$5h$311964543$7ba0yba0y$8fre   $9   $aDictionnaires biographiques
=580  \0$5h$311953281$7ba0yba0y$8fre   $9   $aFilms biographiques
=580  \0$5h$311940761$7ba0yba0y$8fre   $9   $aNécrologies
=580  \0$5h$312069600$7ba0yba0y$8fre   $9   $aRoman biographique
=580  \0$5h$316536440$7ba0yba0y$8fre   $9   $aThéâtre biographique
=580  \0$5g$311939456$7ba0yba0y$8fre   $9   $aLittérature
=686  \\$a801$cPoésie$2Note de regroupement par domaine
=686  \\$a900$cHistoire et géographie (généralités)$2Note de regroupement par domaine
=801  \\$aFR$bFR-751131015$c20220420
=810  \\$aGrand Larousse universel$aGrand Robert de la langue française, 2001$aTrésor de la langue française - http://atilf.atilf.fr (2021-04-06)
=810  \\$aDict. des termes littéraires, 2005$aDict. du littéraire / P. Aron, D. Saint-Jacques, A. Viala, 2002
=822  12$aBiography$2LCSH$uhttp://id.loc.gov/authorities/subjects/sh85014152$d2022-04-20
=822  12$aBiography$2LCSH$uhttp://id.loc.gov/authorities/subjects/sh99001237$d2022-04-20
=822  12$aBiography$2LCSH$uhttp://id.loc.gov/authorities/subjects/sh99004833$d2022-04-20
=822  12$aBiographies$2RVMLaval$d2022-04-20
=822  16$aBiography as a literary form$2LCSH$uhttp://id.loc.gov/authorities/subjects/sh85014164$d2022-04-20
=822  16$aBiographie (genre littéraire)$2RVMLaval$d2022-04-20
=856  \\$uhttp://atilf.atilf.fr$e2021-04-06

