=LDR  00932cx  a2200205   45  
=001  FRBNF14179539X
=003  http://catalogue.bnf.fr/ark:/12148/cb14179539x
=005  20180911
=010  \\$a0000000001123548$2VIAF$d20130801
=100  \\$a20030310afrey50      ba0
=101  \\$afre
=102  \\$aFR
=103  \\$a 19620107           
=105  \\$aa$ai
=106  \\$a1  
=120  \\$aa
=200  \|$7ba0yba0y$8fre   $9 0 $aGaber$bFloriane$f1962-....
=300  0\$aTitulaire d'une thèse de lettres modernes (Paris 3, 1998). - Comédienne, journaliste et chercheuse. - A participé à la création du Centre de recherche sur les arts de la rue, Paris
=801  \\$aFR$bFR-751131015$c20180911
=810  \\$aLes hêtres rouges [Enregistrement sonore] / Conan Doyle, aut. ; interprété J. M Fonbonne, Ph Lejour, F. Gaber [et al.]. Livraphone LIV225C$aComment ça commença : les arts de la rue dans le contexte des années 70 / Floriane Gaber, impr. 2009

