=LDR  00888cx  a2200253   45  
=001  FRBNF120524851
=003  http://catalogue.bnf.fr/ark:/12148/cb120524858
=005  20171114
=010  \\$a0000000008804872$2VIAF$d20130724
=039  \\$oOPL$a003593958
=039  \\$oOPP$a15455464$d20121204
=039  \\$oOPP$a16783442$d20151229
=100  \\$a19840420afrey50      ba0
=101  \\$afre$teng
=102  \\$aFR
=103  \\$a 1957               
=105  \\$aa
=106  \\$a1  
=120  \\$aa
=200  \|$7ba0yba0y$8fre   $9 0 $aChicheportiche$bJosette$f1957-....
=300  0\$aAuteur d'ouvrages pour la jeunesse, traductrice
=400  \|$7ba0yba0y$8fre   $9   $aChicheportiche$bJo$f1957-....
=801  \\$aFR$bFR-751131015$c20171114
=810  \\$aLes Saisons du cœur / Cynthia  Freeman ; trad. de l'américain par Josette Chicheportiche, 1987$aUn amoureux pour Loulou / Jo Chicheportiche, DL 2017

