=LDR  01004cx  a2200253   45  
=001  FRBNF140915238
=003  http://catalogue.bnf.fr/ark:/12148/cb14091523v
=005  20220408
=010  \\$a0000000021283813$2VIAF$d20130801
=100  \\$a20030310afrey50      ba0
=101  \\$aeng
=102  \\$aGB
=103  \\$a 18791202  19581025 
=105  \\$aa
=106  \\$a1  
=120  \\$ab
=152  \\$c2
=200  \|$7ba0yba0y$8fre   $9 0 $aDeane$bHamilton$f1879-1958
=300  0\$aScénariste et comédien
=301  \\$aNew Ross (Irlande)$bLondres (Royaume Uni)
=801  \\$aFR$bFR-751131015$c20220408
=810  \\$aDracula [Images animées] / Tod Browning, réal. ; Hamilton Deane, John L. Balderston, aut. adaptés, adapt., 1999
=810  \\$aIMDb - https://www.imdb.com/name/nm0213019/?ref_=fn_al_nm_1 (2011-02-14) (2022-04-08)$aInternet Broadway database - http://www.ibdb.com (2005-05-30)
=856  \\$uhttps://www.imdb.com/name/nm0213019/?ref_=fn_al_nm_1$e2011-02-14$e2022-04-08$uhttp://www.ibdb.com/$e2005-05-30

