=LDR  01223cx  a2200253   45  
=001  FRBNF141227718
=003  http://catalogue.bnf.fr/ark:/12148/cb141227717
=005  20200914
=010  \\$a000000000886412X$2ISNI$d20150312
=039  \\$oOPP$a14208514$d20070904
=100  \\$a20030310afrey50      ba0
=102  \\$aCH
=103  \\$a 19..               
=105  \\$aa$ai
=106  \\$a1  
=120  \\$ab
=152  \\$c2
=200  \|$7ba0yba0y$8fre   $9 0 $aMoravioff$bGaleshka
=300  0\$aDocteur en ethnologie en 1990. - Pianiste, compositeur. - Artiste peintre. - Réalisateur, fondateur de la société de production et de distribution "Films sans Frontières", propriétaire de salles art et essai
=801  \\$aFR$bFR-751131015$c20200914
=810  \\$aFaust [Images animées] / Friedrich Wilhelm Murnau, réal. ; Galeshka Moravioff, comp. Films sans frontières, 2006
=810  \\$aIMDB : Galeshka Moravioff (III) - https://www.imdb.com/name/nm9480033 (2020-02-10)$aWikipédia - https://fr.wikipedia.org/wiki/Galeshka_Moravioff (2020-02-10)
=856  \\$uhttp://www.galeshkamoravioff.com/$e2020-02-10
=856  \\$uhttps://www.imdb.com/name/nm9480033/$e2020-02-10$uhttps://fr.wikipedia.org/wiki/Galeshka_Moravioff$e2020-02-10

