=LDR  00911cx  a2200241   45  
=001  FRBNF129385520
=003  http://catalogue.bnf.fr/ark:/12148/cb129385525
=005  20080130
=010  \\$a000000011631511X$2VIAF$d20130730
=039  \\$oOPL$a008659860
=100  \\$a19930115afrey50      ba0
=101  \\$afre
=102  \\$aFR
=103  \\$a 19..               
=105  \\$aa
=106  \\$a1  
=120  \\$aa
=200  \|$7ba0yba0y$8fre   $9 0 $aSadoul$bBarbara
=300  0\$aAuteur et illustratrice d'ouvarges pour la jeunesse
=801  \\$aFR$bFR-751131015$c20080130
=810  \\$aLa dimension fantastique. 4, De Poe à Colette, onze nouvelles ensorcelées / une anthologie proposée par Barbara Sadoul, impr. 2007
=810  \\$aLa charte des auteurs et illustrateurs pour la jeunesse - http://charte.repertoire.free.fr/s/sadoul.html (2008-01-30)
=856  \\$uhttp://charte.repertoire.free.fr/s/sadoul.html$e2008-01-30

