=LDR  02298cx  b2200385   45  
=001  FRBNF139055026
=003  http://catalogue.bnf.fr/ark:/12148/cb13905502d
=005  20110719
=010  \\$a0000000123236161$2ISNI$d20131217
=100  \\$a19890601afrey50      ba0
=102  \\$aFR
=103  \\$a 1669               
=105  \\$aa$ai
=106  \\$a010
=150  \\$az$bv8  
=210  ||$7ba0yba0y$8fre   $920 $aOpéra national de Paris$bOrchestre
=300  |\$aRésultat de la fusion des orchestres de  l'Opéra et de l'Opéra comique (1972). - Son histoire est la même que celle de l'Académie de musique fondée en 1669
=303  \\$a120 rue de Lyon, 75576 Paris Cedex 12
=307  \\$aPhilippe Jordan (2009-....)$aConlon James, direction (1996-....)$aVarviso, Silvio, direction$aChung, Myung Whun, direction$aDervaux, Pierre, direction
=410  ||$7ba0yba0y$8fre   $9   $aOrchestre de l'Opéra national de Paris
=410  ||$7ba0yba0y$8fre   $9   $aOrchestre de l'Opéra de Paris
=410  ||$7ba0yba0y$8fre   $9   $aOrchestre de l'Opéra Bastille
=410  ||$7ba0yba0y$8fre   $9   $aOrchestre du Théâtre national de l'opéra
=410  ||$7ba0yba0y$8fre   $9   $aOrchestre de l'Académie nationale de musique
=500  \\$5z$0Dirigé par : $314655986$7ba0yba0y$8fre   $9 0 $aJordan$bPhilippe$f1974-....
=500  \\$5z$0Dirigé par : $313892679$7ba0yba0y$8fre   $9 0 $aConlon$bJames$f1950-....
=500  \\$5z$0Dirigé par : $313892505$7ba0yba0y$8fre   $9 0 $aChung$bMyung-Whun$f1953-....
=500  \\$5z$0Dirigé par : $313900765$7ba0yba0y$8fre   $9 0 $aVarviso$bSilvio$f1924-2006
=500  \\$5z$0Dirigé par : $313893197$7ba0yba0y$8fre   $9 0 $aDervaux$bPierre$f1917-1992
=686  \\$a780$cMusique$2Note de regroupement par domaine
=801  \\$aFR$bFR-751131015$c20110719
=810  \\$aSymphonie fantastique [Enregistrement sonore] / Hector Berlioz ; Orchestre National de la Radiodiffusion Française, Orchestre du Théâtre National de l'Opéra,  André Cluytens. Testament SBT 1234$aEine Alpensinfonie [Enregistrement sonore] / Strauss, comp. ; Philippe Jordan, dir... [et al.]. Naïve V 5233
=810  \\$aLC authorities - http://authorities.loc.gov (2005-05-31)
=856  \\$uhttp://www.opera-de-paris.fr$e2003-06-17
=856  \\$uhttp://authorities.loc.gov$e2005-05-31

