=LDR  01153cx  a2200253   45  
=001  FRBNF168030549
=003  http://catalogue.bnf.fr/ark:/12148/cb168030541
=005  20200212
=010  \\$a0000000368974373$2ISNI$d20161107
=100  \\$a20140813afrey50      ba0
=101  \\$afre
=102  \\$aFR
=103  \\$a 19781011           
=105  \\$aa
=106  \\$a1  
=120  \\$ab
=200  \|$7ba0yba0y$8fre   $9 0 $aSvart$f1978-....
=300  0\$aIllustrateur, auteur de bandes dessinées. - Pseudonyme de Fabrice Gagos. - Publie aussi sous son patronyme
=500  \|$5z$0Voir aussi$316617500$7ba0yba0y$8fre   $9 0 $aGagos$bFabrice$f1978-...
=801  \\$aFR$bFR-751131015$c20200212
=810  \\$aSnoopy et le petit monde des Peanuts. 2 / Charles M. Schulz ; couleurs Charles M. Schulz & Svart, 2014$aLe petit tapping : l'EFT des enfants ! / Geneviève Gagos ; illustrations, Svart, DL 2015
=810  \\$aBédéthèque : patronyme révélé - http://www.bedetheque.com/biblio-auteur-29812-BD-Gagos-Fabrice.html (2016-01-26)
=856  \\$uhttp://svart.fr/$e2016-01-26
=856  \\$uhttp://www.bedetheque.com/biblio-auteur-29812-BD-Gagos-Fabrice.html$e2016-01-26

