=LDR  01007nx  a2200205   45  
=001  FRBNF17975514X
=003  http://catalogue.bnf.fr/ark:/12148/cb17975514d
=100  \\$a20211021afrey50      ba0
=101  \\$aeng
=102  \\$aGB
=103  \\$a 19220918  20130930 
=105  \\$aa
=106  \\$a1  
=120  \\$ab
=152  \\$c2
=200  \|$7ba0yba0y$8fre   $9 0 $aElder$bJohn$f1922-2013
=300  0\$aScénariste et producteur. - Pseudonyme de : Anthony Hinds
=500  \|$5z$0Voir le nom réel$314095847$7ba0yba0y$8fre   $9 0 $aHinds$bAnthony$f1922-2013
=801  \\$aFR$bFR-751131015$c20211021
=810  \\$aUne messe pour Dracula / Peter Sasdy, réal.  ; John Elder, scénario ; Bram Stoker, id. orig.  ; Arthur Grant, photo ; James Bernard, comp.  ; Christopher Lee (Dracula), Geoffrey Keen (William Hargood), Gwen Watford (Martha Hargood), Linda Hayden (Alice Hargood)... [et al.], act. . - Paris : Warner home video France [éd.] ; Paris : Warner home video France [distrib.], 1985 (DL). - [Image animée : vidéo]

