=LDR  00884cx  a2200229   45  
=001  FRBNF139305405
=003  http://catalogue.bnf.fr/ark:/12148/cb13930540c
=005  20131112
=010  \\$a0000000121204334$2VIAF$d20130731
=100  \\$a19901018afrey50      ba0
=102  \\$aUS
=103  \\$a 19550722           
=105  \\$ai
=106  \\$a010
=120  \\$ab
=152  \\$c2
=200  \|$7ba0yba0y$8fre   $9 0 $aDafoe$bWillem$f1955-....
=300  |\$aActeur de cinéma. - Scénariste
=801  \\$aFR$bFR-751131015$c20131112
=810  \\$aAnimal factory [Images animées] / Steve Buscemi, réal. ; Willem Dafoe, Edward Furlong, Danny Trejo, act...  [et al.]. Studio Canal+, [2002]
=810  \\$aMacmillan international film encyclopedia, 1994$aIMDb - http://www.imdb.com/name/nm0000353/?ref_=fn_al_nm_1 (2013-11-12)
=856  \\$uhttp://www.imdb.com/name/nm0000353/?ref_=fn_al_nm_1$e2013-11-12

