=LDR  00977cx  a2200241   45  
=001  FRBNF146547519
=003  http://catalogue.bnf.fr/ark:/12148/cb14654751k
=005  20210728
=010  \\$a0000000364544704$2VIAF$d20130802
=039  \\$oOPL$a004837187
=100  \\$a20000505afrey50      ba0
=101  \\$afre
=102  \\$aFR
=103  \\$a 1963               
=105  \\$aa$ac$ap$dh$ai
=106  \\$a010
=120  \\$ab
=200  \|$7ba0yba0y$8fre   $9 0 $aJeanneteau$bDaniel$f1963-....
=300  |\$aMetteur en scène et scénographe. - Dessinateur. - Directeur artistique de la Part du vent
=510  ||$315023928$7ba0yba0y$8fre   $920 $aLa Part du vent
=801  \\$aFR$bFR-751131015$c20210728
=810  \\$aHolocauste [Spectacle] : fragments / mise en scène de Claude Régy ; scénographie de Daniel Jeanneteau. - Paris : Théâtre national de la colline, 1998$aDenis Schneider : peintures / [postface de Daniel Jeanneteau], 1999
=810  \\$aRevue d'esthétique, n° 26, 1994

