=LDR  00895cx  a2200229   45  
=001  FRBNF146862326
=003  http://catalogue.bnf.fr/ark:/12148/cb146862321
=005  20210810
=010  \\$a0000000503355701$2ISNI$d20210818
=100  \\$a20050825afrey50      ba0
=101  \\$ajpn
=102  \\$aJP
=103  \\$a 1935               
=105  \\$aa$ac
=106  \\$a010
=120  \\$aa
=152  \\$c2
=200  \|$7ba0yba0y$8fre   $9 0 $aKruk-Nishioka$bReiko$f1935-....
=300  |\$aCostumière de théâtre, maquilleuse
=400  \|$7ba0yba0y$8fre   $9   $aNishioka$bReiko Kruk-
=801  \\$aFR$bFR-751131015$c20210810
=810  \\$aHôtel de l'Homme Sauvage [spectacle] / mise en scène de Stuart Seide ; costumes de Reiko Kurk ... - Paris : Théâtre national de Chaillot, 1985$aLes libellules rouges / Reiko Kruk-Nishioka ; traduit du japonais par Patrick Honnoré ; illustrations de Reiko Kruk, DL 2020

