=LDR  01132cx  a2200229   45  
=001  FRBNF150550510
=003  http://catalogue.bnf.fr/ark:/12148/cb150550510
=005  20140516
=010  \\$a0000000120279756$2VIAF$d20130805
=039  \\$oOPP$a14606583$d20060413
=100  \\$a20060331afrey50      ba0
=101  \\$afre
=102  \\$aXX
=103  \\$a 19700602           
=105  \\$aa$ap
=106  \\$a1  
=120  \\$ab
=152  \\$c2
=200  \|$7ba0yba0y$8fre   $9 0 $aVezyroglou$bDimitri$f1970-....
=300  0\$aDocteur en histoire (Paris 1, 2001), agrégé d'histoire. - Maître de conférences en histoire du cinéma à l'Université Paris 1 Panthéon-Sorbonne, membre de l'équipe d'accueil Histoire culturelle et sociales de l'art, HiCSA (en 2014)
=801  \\$aFR$bFR-751131015$c20140516
=810  \\$aSilence, on tourne ! : Annie Vernay et le cinéma des années 30 : [exposition, Contes, Médiathèque municipale... 2005] / [organisée par les Amis du Musée de Contes et la Bibliothèque municipale de Contes] ; [textes de Dimitri Vezyroglou], [2005]$aLe cinéma en France à la veille du parlant / Dimitri Vezyroglou, impr. 2011

