=LDR  01400cx  b2200373   45  
=001  FRBNF118785787
=003  http://catalogue.bnf.fr/ark:/12148/cb11878578c
=005  20040816
=010  \\$a000000040497825X$2ISNI$d20150312
=010  \\$y0000000115811998$2VIAF$d20130724
=039  \\$oOPL$a01039304X$zAMA
=039  \\$oOPL$a000263179$zACO
=100  \\$a19800512afrey50      ba0
=101  \\$afre$aeng
=102  \\$aCA
=103  \\$a 19361102           
=105  \\$aa$ca$dh$ce$cd$cs
=106  \\$a010
=150  \\$az$bb6  
=152  \\$c2
=210  ||$7ba0yba0y$8frefre$920 $aSociété Radio-Canada
=300  |\$aRadio-télévision canadienne
=303  \\$aRelations écrites avec l'auditoire C.P. 6000, succ. centre-ville, H3C 3A8 Montreal
=410  ||$7ba0yba0y$8fre   $9   $aCBC
=410  ||$7ba0yba0y$8fre   $9   $aSRC
=410  ||$7ba0yba0y$8fre   $9   $aRadio-Canada
=410  ||$7ba0yba0y$8fre   $9   $aCanada$bSecrétariat d'Etat$bSociété Radio-Canada
=415  \\$7ba0yba0y$8fre   $9   $aMontreal (Canada)$xSociété Radio-Canada
=415  \\$7ba0yba0y$8fre   $9   $aMontreal (Canada)$xCanadian Broadcasting corporation
=686  \\$a791$cAudiovisuel$2Note de regroupement par domaine
=710  ||$7ba0yba0y$8freeng$920 $aCanadian Broadcasting corporation
=801  \\$aFR$bFR-751131015$c20040816
=810  \\$aCanadiana 1988
=856  \\$uhttp://www.radio-canada.ca/$e2004-08-16

