=LDR  01040cx  a2200313   45  
=001  FRBNF11925586X
=003  http://catalogue.bnf.fr/ark:/12148/cb11925586d
=005  20090514
=010  \\$a0000000121222356$2VIAF$d20130724
=039  \\$oOPL$a005795410$zAMA
=039  \\$oOPL$a001384671$zAPP
=039  \\$oOPP$a14701059$d20090514
=039  \\$oOPP$a14865697$d20090514
=100  \\$a19770222afrey50      ba0
=101  \\$aeng
=102  \\$aIE
=103  \\$a 18471108  19120420 
=105  \\$aa
=106  \\$a010
=120  \\$ab
=152  \\$c2
=200  \|$7ba0yba0y$8fre   $9 0 $aStoker$bBram$f1847-1912
=300  |\$aDiplômé de droit à Dublin, devient fonctionnaire, journaliste, puis administrateur de théâtre. - Romancier
=301  \\$aDublin$bLondres
=400  \|$7ba0yba0y$8fre   $9   $aStoker$bBrahm$f1847-1912
=801  \\$aFR$bFR-751131015$c20090514
=810  \\$aDracula / Bram Stoker ; trad. de l'anglais par Lucienne Molitor ; [notice biographique par Barbara Sadoul], 1992
=810  \\$aDNB$aGDEL
=810  \\$aBN Cat. gén.

