=LDR  00831cx  a2200265   45  
=001  FRBNF11909778X
=003  http://catalogue.bnf.fr/ark:/12148/cb11909778w
=005  20120924
=010  \\$a0000000110281684$2ISNI$d20131217
=039  \\$oOPL$a001768063$zAMA
=039  \\$oOPL$a000951930$zAPP
=039  \\$oOPP$a13896009$d20060922
=100  \\$a19760721afrey50      ba0
=101  \\$ager
=102  \\$aDE
=103  \\$a 19261018  19911123 
=105  \\$aa$ai$ap
=106  \\$a010
=120  \\$ab
=152  \\$c2
=200  \|$7ba0yba0y$8fre   $9 0 $aKinski$bKlaus$f1926-1991
=300  |\$aActeur
=801  \\$aFR$bFR-751131015$c20120924
=810  \\$aIch brauche Liebe / Klaus Kinski, 1991
=810  \\$aBoussinot$aMonde, 1991-11-27$aDict. du cinéma / sous la dir. de Jean-Loup Passek, 1995 : Kinski (Nikolaus Günther Nakszynski, dit Klaus)

