=LDR  01183cx  a2200253   45  
=001  FRBNF138942833
=003  http://catalogue.bnf.fr/ark:/12148/cb13894283v
=005  20190219
=010  \\$a0000000115766840$2VIAF$d20130731
=039  \\$oOPP$a14655432$d20070605
=100  \\$a19890601afrey50      ba0
=101  \\$ager
=102  \\$aCH
=103  \\$a 19410322  20190215 
=105  \\$ai$ap
=106  \\$a010
=120  \\$ab
=152  \\$c2
=200  \|$7ba0yba0y$8fre   $9 0 $aGanz$bBruno$f1941-2019
=300  |\$aActeur de théâtre, cinéma et télévision. - Réalisateur. - Il fonde la compagnie de théâtre "Schaubühne" à Berlin avec Peter Stein (1970)
=301  \\$aZurich (Suisse)$bZurich (Suisse)
=801  \\$aFR$bFR-751131015$c20190219
=810  \\$aLes ailes du désir [Enregistrement sonore] : bande originale du film / Jüurgen Knieper, comp.  ; Bruno Ganz, Solveig Dammartin, voix ; Nick Cave and the bad Seeds, groupe voc. et instr.,1987
=810  \\$aBNF-ASP. Bruno Ganz : dossier biographique, 1977$aDureau$aLes gens du cinéma = The people of the movie world / André Siscot, 1998$aLe Figaro [article nécrologique], 2019-02-18$aLe Monde [article nécrologique], 2019-02-19

