=LDR  01845cx  a2200397   45  
=001  FRBNF119074414
=003  http://catalogue.bnf.fr/ark:/12148/cb119074417
=005  20220718
=010  \\$a0000000368589213$2ISNI$d20220504
=039  \\$oOPL$a001827152$zAMA
=039  \\$oOPL$a000890057$zAPP
=039  \\$oOPP$a14859774$d20061127
=100  \\$a19790625afrey50      ba0
=101  \\$ager
=102  \\$aDE
=103  \\$a 19420905           
=105  \\$aa$ai$ap
=106  \\$a010
=120  \\$ab
=152  \\$c2
=200  \|$7ba0yba0y$8fre   $9 0 $aHerzog$bWerner$f1942-....
=300  |\$aCinéaste. - Pseudonyme de Werner H. Stipetić
=530  \\$5z$0Réalisateur de : $316930853$aHerz aus Glas (film)
=530  \\$5z$0Réalisateur de : $314291169$aAguirre, der Zorn Gottes (film)
=530  \\$5z$0Réalisateur de : $316473887$aWoyzeck (film)
=530  \\$5z$0Réalisateur de : $316458712$aStroszek (film)
=530  \\$5z$0Réalisateur de : $316457854$aWo die grünen Ameisen träumen (film)
=530  \\$5z$0Réalisateur de : $316146967$aRad der Zeit (film)
=530  \\$5z$0Réalisateur de : $316026129$aFitzcarraldo (film)
=530  \\$5z$0Réalisateur de : $314577518$aNosferatu, Phantom der Nacht (film)
=530  \\$5z$0Réalisateur de : $312489837$aJeder für sich und Gott gegen alle (film)
=530  \\$5z$0Réalisateur de : $313497807$aCobra verde (film)
=801  \\$aFR$bFR-751131015$c20220718
=810  \\$aFitzcarraldo ; (suivi de) Nosferatu ; (et de) la Ballade de Bruno / Werner Herzog ; trad. de l'allemand par Nicole Casanova, 1982
=810  \\$aBibliothèque nationale, autorités, Allemagne - https://d-nb.info/gnd/118550276 (2022-07-18)$aBrockhaus 19. Aufl.$aCent cinéastes allemands. In : Histoire du cinéma allemand / Roland Schneider, 1990, p. 199
=856  \\$uhttps://d-nb.info/gnd/118550276$e2022-07-18

