=LDR  01523cx  a2200361   45  
=001  FRBNF138969595
=003  http://catalogue.bnf.fr/ark:/12148/cb13896959d
=005  20070607
=010  \\$a0000000121358915$2VIAF$d20130731
=039  \\$oOPL$a001845549$zAMA
=039  \\$oOPL$a001065339$zAPP
=039  \\$oOPP$a14792847$d20060519
=039  \\$oOPP$a14911522$d20070109
=039  \\$oOPP$a14992539$d20070607
=100  \\$a19890601afrey50      ba0
=101  \\$ager
=102  \\$aAT
=103  \\$a 18600707  19110518 
=105  \\$aa$ai
=106  \\$a010
=120  \\$ab
=152  \\$c2
=200  \|$7ba0yba0y$8fre   $9 0 $aMahler$bGustav$f1860-1911
=300  |\$aCompositeur et chef d'orchestre
=301  \\$aKalištĕ (République tchèque)$bVienne
=510  ||$5xxxz$0Dirige : $315002927$7ba0yba0y$8fre   $920 $aStaatsoper$cVienne$bOrchester
=510  ||$5xxxz$0Dirige : $313904970$7ba0yba0y$8freeng$920 $aMetropolitan opera$cNew York$bOrchestra
=510  ||$5xxxz$0Dirige : $313905367$7ba0yba0y$8fre   $920 $aNew York Philharmonic
=510  ||$5xxxz$0Dirige : $313907496$7ba0yba0y$8fre   $920 $aWiener Philharmoniker$p1898-1901
=801  \\$aFR$bFR-751131015$c20070607
=810  \\$aMalher-Strauss : correspondance : 1888-1911 / rassemblée et commentée par Herta Blaukopf ; trad. de l'allemand par Martin Kaltenecker, 1989
=810  \\$aGDEL$aLa musique / Roland de Candé, 1989$aGrove 6$aDictionnaire biographique des musiciens / Baker, Slonimsky, 1995
=810  \\$aBN Cat. gén. suppl.$aBN Cat. gén. 1960-1969

