=LDR  01385cx  a2200289   45  
=001  FRBNF138935397
=003  http://catalogue.bnf.fr/ark:/12148/cb13893539z
=005  20190429
=010  \\$a0000000121039893$2VIAF$d20130731
=039  \\$oOPL$a010262054$zAMA
=039  \\$oOPL$a007111722$zAPP
=039  \\$oOPP$a14788483$d20060503
=100  \\$a19890601afrey50      ba0
=101  \\$afre
=102  \\$aFR
=103  \\$a 19550529           
=105  \\$aa$ap
=106  \\$a010
=120  \\$ab
=200  \|$7ba0yba0y$8fre   $9 0 $aDusapin$bPascal$f1955-....
=300  |\$aCompositeur. - Photographe amateur
=301  \\$aNancy
=686  \\$a780$cMusique$2Note de regroupement par domaine
=801  \\$aFR$bFR-751131015$c20190429
=810  \\$aComoedia [Enregistrement sonore] / Pascal Dusapin, comp. ; Françoise Kubler, MS ; Ars nova, ens. instr. ; Philippe Nahon, dir. Salabert SCD9701$aRoméo & Juliette [Musique imprimée] : opéra en 9 numéros / Pascal Dusapin ; texte  Olivier Cadiot, [1996]$aAccords photographiques / Pascal Dusapin, DL 2012
=810  \\$aWW France, 2005-2006$aGrove music online - http://www.grovemusic.com (2006-05-03)$aBrahms : base de documentation sur la musique contemporaine - http://brahms.ircam.fr (2008-03-21)$aPascal Dusapin : [catalogue des oeuvres]. - Salabert, 1997
=856  \\$uhttp://www.grovemusic.com$e2006-05-03$uhttp://brahms.ircam.fr$e2008-03-21

