=LDR  01582cx  a2200349   45  
=001  FRBNF123630151
=003  http://catalogue.bnf.fr/ark:/12148/cb12363015z
=005  20191207
=010  \\$a0000000122804104$2VIAF$d20130726
=039  \\$oOPL$a009619242
=039  \\$oOPP$a15461934$d20110603
=039  \\$oOPP$a14891044$d20110603
=039  \\$oOPP$a15461933$d20110603
=039  \\$oOPP$a15461932$d20121010
=039  \\$oOPP$a16812627$d20181116
=100  \\$a19940120afrey50      ba0
=101  \\$afre
=102  \\$aFR
=103  \\$a 18840524  19470531 
=105  \\$aa
=106  \\$a010
=120  \\$ab
=200  \|$7ba0yba0y$8fre   $9 0 $aFalké$bPierre$f1884-1947
=300  |\$aPeintre et graveur. - Prénoms complets : Pierre André Michel
=301  \\$aParis, 14e arrondissement (France)$bCoutevroult (Seine-et-Marne)
=400  \|$7ba0yba0y$8fre   $9   $aFalké$f1884-1947
=686  \\$a750$cPeinture$2Note de regroupement par domaine
=686  \\$a760$cArts graphiques$2Note de regroupement par domaine
=801  \\$aFR$bFR-751131015$c20191207
=810  \\$aBrest / par Pierre Mac Orlan ; frontispice de Pierre Falké, 1926$aLes vrais de vrai / Francis Carco ; récit illustré d'eaux-fortes hors texte gravées par Pierre Falké, 1928$aLe pot au noir : scènes et figures des Tropiques / de Louis Chadourne ; bois gravés par Falké
=810  \\$aBénézit, 1976$aLe coin des pseudonymes et autres recherches biographiques / par Patrick Ramseyer. In : Le Rocambole : Bulletin des amis du roman populaire, n° 88-89, automne-hiver  2019 (p. 317)
=810  \\$aBN Cat. gén.

