=LDR  02621cx  a2200469   45  
=001  FRBNF126302398
=003  http://catalogue.bnf.fr/ark:/12148/cb12630239p
=005  20220603
=010  \\$a0000000079981809$2VIAF$d20130729
=039  \\$oOPL$a001198898
=039  \\$oOPP$a11229129$d20090414
=039  \\$oOPP$a11549008$d20090414
=039  \\$oOPP$a11549009$d20090414
=039  \\$oOPP$a11841034$d20090414
=039  \\$oOPP$a11543279$d20090416
=039  \\$oOPP$a10571892$d20090416
=039  \\$oOPP$a10571893$d20090416
=039  \\$oOPP$a10632164$d20090416
=039  \\$oOPP$a11243828$d20090416
=039  \\$oOPP$a11243829$d20090416
=039  \\$oOPP$a11288128$d20090416
=039  \\$oOPP$a11548442$d20090416
=039  \\$oOPP$a15480025$d20130607
=100  \\$a19800320afrey50      ba0
=101  \\$afre$teng
=102  \\$aFR
=103  \\$a 18850205  19710716 
=105  \\$aa
=106  \\$a010
=120  \\$aa
=200  \|$7ba0yba0y$8fre   $9 0 $aPaul-Margueritte$bÈve$f1885-1971
=300  |\$aRomancière et traductrice. - Membre de l'académie Goncourt. - Fille de l'écrivain Paul Margueritte (1860-1918) et sœur de Lucie Paul-Margueritte (1886-1956) avec laquelle elle collabora. - Prénoms complets : Ève Antonie
=301  \\$aParis, 6e arrondissement (France)$bLimeil-Brévannes (Val-de-Marne)
=400  \|$7ba0yba0y$8fre   $9   $aMargueritte$bÈve Paul-
=400  \|$7ba0yba0y$8fre   $9   $aPaul-Margueritte$bEva
=400  \|$7ba0yba0y$8fre   $9   $aMargueritte$bEve-Paul
=686  \\$a800$cHistoire et critique littéraires$2Note de regroupement par domaine
=801  \\$aFR$bFR-751131015$c20220603
=810  \\$aLa rencontre de minuit / Ève Paul-Margueritte, 1926$aLa maison du silence : roman / Alice Muriel Williamson ; traduit de l'anglais par Eva Paul-Margueritte, [1928]$aAuteuil et Passy, des origines à nos jours / Ève et Lucie Paul-Margueritte, 1946$aSpäte Sühne / von Eve-Paul Margueritte ; deutsche von Lucy Housse, [1955]
=810  \\$aLe coin des pseudonymes et autres recherches biographiques / par Patrick Ramseyer. In : Le Rocambole : Bulletin des amis du roman populaire, n° 82, printemps 2018, p. 174$aWW, France 1969-1970$aDictionnaire universel des traducteurs / Henri Van Hoof, 1993 : mentionnée par erreur comme l'épouse de Paul Margueritte$aLorenz : Margueritte (Mme Eve-Paul)
=810  \\$aBN Cat. gén. suppl.$aBN Cat. gén. 1960-1969 : Margueritte (Ève Paul)
=815  \\$aWW, France 1973-1974. - Qui était qui, XXe siècle / Béatrice et Michel Wattel, 2005. - Laffont-Bompiani, Auteurs. - Van Tieghem. - WBIS : http://db.saur.de/WBIS (2009-04-16)

